

@ARTICLE{lockatorVAK,
  author = {Андрианов П.С. and Мутилин В.С. and Хорошилов А.В.},
  addendum = {(0,28~п.~л.)},
  title = {Метод легковесного статического анализа для поиска состояний гонок},
  journal = {Труды Института системного программирования РАН},
  year = {2015},
  volume = {5},
  number = {27},
  pages = {87--116},
  language = {russian},
}

@ARTICLE{lockatorVAK2,
  author = {Андрианов П.С. and Мутилин В.С. and Хорошилов А.В.},
  addendum = {(0,33~п.~л.~/ 0,28~п.~л.)},
  title = {Конфигурируемый метод поиска состояний гонок в операционных системах с использованием предикатных абстракций},
  journal = {Труды Института системного программирования РАН},
  year = {2016},
  volume = {6},
  number = {28},
  pages = {65--86},
  language = {russian},
}

@Inbook{TMPA2017,
  author={Andrianov, Pavel and Mutilin, Vadim and Khoroshilov, Alexey},
  editor={Itsykson, Vladimir and Scedrov, Andre and Zakharov, Victor},
  title={Predicate Abstraction Based Configurable Method for Data Race Detection in Linux Kernel},
  bookTitle={Tools and Methods of Program Analysis: 4th International Conference, TMPA 2017, Moscow, Russia, March 3-4, 2017, Revised   Selected Papers},
  year={2018},
  publisher={Springer International Publishing},
  address={Cham},
  pages={11--23},
  abstract={The paper presents a configurable method for static data race detection. The method is based on a lightweight approach that   implements Lockset algorithm with a simplified memory model. The paper contributes two heavyweight extensions which allow to adjust required precision of the analysis by choosing the balance between spent resources and a number of false alarms. The extensions are (1) counterexample guided refinement based on predicate abstraction and (2) thread analysis. The approach was implemented in the CPALockator tool and was applied to Linux kernel modules. Real races found by the tool have been approved and fixed by Linux kernel developers.},
  isbn={978-3-319-71734-0},
  doi={10.1007/978-3-319-71734-0_2},
  url={https://doi.org/10.1007/978-3-319-71734-0_2},
  language = {english}
}


@ARTICLE{theoryVAK,
  author = {Андрианов П.С.},
  title = {Анализ корректности синхронизации компонентов ядра операционных систем},
  journal = {Труды Института системного программирования РАН},
  year = {2019},
  volume = {5},
  number = {31},
  pages = {203--232},
  language = {russian}
}

@ARTICLE{KernelRaces,
  author={Pavel Andrianov},
  title={Analysis of Correct Synchronization of Operating System Components},
  journal={Programming and Computer Software},
  year={2020},
  volume = {46},
  number = {8},
  pages={712–730}
}

@ARTICLE{LockatorScalable,
author={Pavel Andrianov and Vadim Mutilin},
title={Scalable Thread-Modular Approach for Data Race Detection},
journal={Frontiers in Software Engineering Education},
year={2020},
publisher={Springer},
pages={371-385}
}