
@inproceedings{DRDDR,
author = {Erickson, John and Musuvathi, Madanlal and Burckhardt, Sebastian and Olynyk, Kirk},
title = {Effective Data-Race Detection for the Kernel},
year = {2010},
publisher = {USENIX Association},
address = {USA},
booktitle = {Proceedings of the 9th USENIX Conference on Operating Systems Design and Implementation},
pages = {151–162},
numpages = {12},
location = {Vancouver, BC, Canada},
series = {OSDI’10}
}

@INPROCEEDINGS{VerySMART,
author={T. L. {Nguyen} and P. {Schrammel} and B. {Fischer} and S. L. {Torre} and G. {Parlato}},
booktitle={2017 32nd IEEE/ACM International Conference on Automated Software Engineering (ASE)},
title={Parallel bug-finding in concurrent programs via reduced interleaving instances},
year={2017},
volume={},
number={},
pages={753-764},
doi={10.1109/ASE.2017.8115686},
ISSN={null},
month={Oct},
}

@article{VerificationMethods,
 author = {В. В. Кулямин},
 title = {Методы верификации программного обеспечения},
 year = {2008},
 numpages = {111},
}

@article{ShapeTM,
 author = {Gotsman, Alexey and Berdine, Josh and Cook, Byron and Sagiv, Mooly},
 title = {Thread-Modular Shape Analysis},
 year = {2007},
 issue_date = {June 2007},
 publisher = {Association for Computing Machinery},
 address = {New York, NY, USA},
 volume = {42},
 number = {6},
 issn = {0362-1340},
 url = {https://doi.org/10.1145/1273442.1250765},
 doi = {10.1145/1273442.1250765},
 journal = {SIGPLAN Not.},
 month = {jun},
 pages = {266–277},
 numpages = {12},
 keywords = {static analysis, abstract interpretation, shape analysis, concurrent programming}
}

@article{Lamport,
author = {Lamport, Leslie},
title = {Time, Clocks, and the Ordering of Events in a Distributed System},
year = {1978},
issue_date = {July 1978},
publisher = {Association for Computing Machinery},
address = {New York, NY, USA},
volume = {21},
number = {7},
issn = {0001-0782},
url = {https://doi.org/10.1145/359545.359563},
doi = {10.1145/359545.359563},
journal = {Commun. ACM},
month = {jul},
pages = {558–565},
numpages = {8},
keywords = {clock synchronization, multiprocess systems, computer networks, distributed systems}
}

@article{seL4,
author = {Klein, Gerwin and Andronick, June and Elphinstone, Kevin and Murray, Toby and Sewell, Thomas and Kolanski, Rafal and Heiser, Gernot},
title = {Comprehensive Formal Verification of an OS Microkernel},
year = {2014},
issue_date = {February 2014},
publisher = {Association for Computing Machinery},
address = {New York, NY, USA},
volume = {32},
number = {1},
issn = {0734-2071},
url = {https://doi.org/10.1145/2560537},
doi = {10.1145/2560537},
journal = {ACM Trans. Comput. Syst.},
month = {feb},
articleno = {Article 2},
numpages = {70},
keywords = {operating systems, seL4, Isabelle/HOL, L4, microkernel}
}

@InProceedings{RaceSurvey,
author="Raza, Aoun",
editor="Grigoriev, Dima
and Harrison, John
and Hirsch, Edward A.",
title="A Review of Race Detection Mechanisms",
booktitle="Computer Science -- Theory and Applications",
year="2006",
publisher="Springer Berlin Heidelberg",
address="Berlin, Heidelberg",
pages="534--543",
abstract="This survey examines research in the area of race detection tech-niques. Diverse flavors of on-the-fly, ahead-of-time and post-mortem techniques are covered. This survey tries to present advantages and limitations exhibited by different race detection techniques.",
isbn="978-3-540-34168-0"
}

@article{RaceSurvey2,
title = {Evaluation and Comparison of Ten Data Race Detection Techniques},
year = {2017},
issue_date = {January 2017},
publisher = {Inderscience Publishers},
address = {Geneva 15, CHE},
volume = {10},
number = {4–5},
issn = {1740-0562},
journal = {Int. J. High Perform. Comput. Netw.},
month = {jan},
pages = {279–288},
numpages = {10}
}

@article{AdaptiveLock,
  title={AdaptiveLock: Efficient Hybrid Data Race Detection Based on Real-World Locking Patterns},
  author={Misun Yu and Joon-Sang Lee and Doo-Hwan Bae},
  journal={International Journal of Parallel Programming},
  year={2018},
  pages={1-33}
}


@inproceedings{Witness3,
author = {Beyer, Dirk and Dangl, Matthias and Dietsch, Daniel and Heizmann, Matthias},
title = {Correctness Witnesses: Exchanging Verification Results between Verifiers},
year = {2016},
isbn = {9781450342186},
publisher = {Association for Computing Machinery},
address = {New York, NY, USA},
url = {https://doi.org/10.1145/2950290.2950351},
doi = {10.1145/2950290.2950351},
booktitle = {Proceedings of the 2016 24th ACM SIGSOFT International Symposium on Foundations of Software Engineering},
pages = {326–337},
numpages = {12},
keywords = {Software Verification, Program Analysis, Witness Validation, Model Checking, Correctness Witness},
location = {Seattle, WA, USA},
series = {FSE 2016}
}

@inproceedings{Witness2,
author = {Beyer, Dirk and Dangl, Matthias and Dietsch, Daniel and Heizmann, Matthias},
title = {Exchanging Verification Witnesses between Verifiers},
booktitle = {Software Engineering 2017},
year = {2017},
editor = {Jürjens, Jan AND Schneider, Kurt} ,
pages = { 93 },
publisher = {Gesellschaft für Informatik e.V.},
address = {Bonn}
} 

@inproceedings{Witness,
 author = {Beyer, Dirk and Dangl, Matthias and Dietsch, Daniel and Heizmann, Matthias and Stahlbauer, Andreas},
 title = {Witness Validation and Stepwise Testification Across Software Verifiers},
 booktitle = {Proceedings of the 2015 10th Joint Meeting on Foundations of Software Engineering},
 series = {ESEC/FSE 2015},
 year = {2015},
 isbn = {978-1-4503-3675-8},
 location = {Bergamo, Italy},
 pages = {721--733},
 numpages = {13},
 url = {http://doi.acm.org/10.1145/2786805.2786867},
 doi = {10.1145/2786805.2786867},
 acmid = {2786867},
 publisher = {ACM},
 address = {New York, NY, USA},
 keywords = {Counterexample Validation, Error Witness, Model Checking, Program Analysis, Software Verification}
}

@article{SSA,
 author = {Cytron, Ron and Ferrante, Jeanne and Rosen, Barry K. and Wegman, Mark N. and Zadeck, F. Kenneth},
 title = {Efficiently Computing Static Single Assignment Form and the Control Dependence Graph},
 journal = {ACM Trans. Program. Lang. Syst.},
 issue_date = {Oct. 1991},
 volume = {13},
 number = {4},
 month = {oct},
 year = {1991},
 issn = {0164-0925},
 pages = {451--490},
 numpages = {40},
 url = {http://doi.acm.org/10.1145/115372.115320},
 doi = {10.1145/115372.115320},
 acmid = {115320},
 publisher = {ACM},
 address = {New York, NY, USA},
 keywords = {control dependence, control flow graph, def-use chain, dominator, optimizing compilers}
} 

@article{Lipton,
 author = {Lipton, Richard J.},
 title = {Reduction: A Method of Proving Properties of Parallel Programs},
 journal = {Commun. ACM},
 issue_date = {Dec. 1975},
 volume = {18},
 number = {12},
 month = {dec},
 year = {1975},
 issn = {0001-0782},
 pages = {717--721},
 numpages = {5},
 url = {http://doi.acm.org/10.1145/361227.361234},
 doi = {10.1145/361227.361234},
 acmid = {361234},
 publisher = {ACM},
 address = {New York, NY, USA},
 keywords = {computation sequence, deadlock free, indivisible, interruptible, parallel program, process, reduction, semaphore, verification method}
} 

@article{LazyAbstraction,
 author = {Henzinger, Thomas A. and Jhala, Ranjit and Majumdar, Rupak and Sutre, Gr{\'e}goire},
 title = {Lazy Abstraction},
 journal = {SIGPLAN Not.},
 issue_date = {Jan. 2002},
 volume = {37},
 number = {1},
 month = {jan},
 year = {2002},
 issn = {0362-1340},
 pages = {58--70},
 numpages = {13},
 url = {http://doi.acm.org/10.1145/565816.503279},
 doi = {10.1145/565816.503279},
 acmid = {503279},
 publisher = {ACM},
 address = {New York, NY, USA}
} 

@ARTICLE{clarke:cegar,
	 AUTHOR="Clarke, E.M. and Grumberg, O. and Jha, S. and Lu, Y. and Veith, H.",
	 TITLE="Counterexample-guided abstraction refinement",
	 JOURNAL="Proc. CAV, LNCS",
	 VOLUME="1855",
	 PAGES="154--169",
	 PUBLISHER="Springer Berlin",
	 YEAR={2000}
}

@InProceedings{RacesFreeRtos,
author="Chopra, Nikita
and Pai, Rekha
and D'Souza, Deepak",
editor="Caires, Lu{\'i}s",
title="Data Races and Static Analysis for Interrupt-Driven Kernels",
booktitle="Programming Languages and Systems",
year="2019",
publisher="Springer International Publishing",
address="Cham",
pages="697--723",
isbn="978-3-030-17184-1"
}


@inproceedings{Cordeiro2012,
 author = {Cordeiro, Lucas and Morse, Jeremy and Nicole, Denis and Fischer, Bernd},
 title = {Context-Bounded Model Checking with ESBMC 1.17},
 booktitle = {Proceedings of the 18th International Conference on Tools and Algorithms for the Construction and Analysis of Systems},
 series = {TACAS'12},
 year = {2012},
 isbn = {978-3-642-28755-8},
 location = {Tallinn, Estonia},
 pages = {534--537},
 numpages = {4},
 url = {http://dx.doi.org/10.1007/978-3-642-28756-5_42},
 doi = {10.1007/978-3-642-28756-5_42},
 acmid = {2260570},
 publisher = {Springer-Verlag},
 address = {Berlin, Heidelberg}
} 

@inproceedings{BeyerCPA07,
 author = {Beyer, Dirk and Henzinger, Thomas A. and Th\'{e}oduloz, Gr\'{e}gory},
 title = {Configurable software verification: concretizing the convergence of model checking and program analysis},
 booktitle = {Proceedings of CAV},
 year = {2007},
 isbn = {978-3-540-73367-6},
 location = {Berlin, Germany},
 pages = {504--518},
 numpages = {15},
 acmid = {1770419},
 publisher = {Springer-Verlag},
 address = {Berlin, Heidelberg}
} 

@inproceedings{CooperativeBeyer18,
 author = {Beyer, Dirk and Jakobs, Marie-Christine and Lemberger, Thomas and Wehrheim, Heike},
 title = {Reducer-based Construction of Conditional Verifiers},
 booktitle = {Proceedings of the 40th International Conference on Software Engineering},
 series = {ICSE '18},
 year = {2018},
 isbn = {978-1-4503-5638-1},
 location = {Gothenburg, Sweden},
 pages = {1182--1193},
 numpages = {12},
 url = {http://doi.acm.org/10.1145/3180155.3180259},
 doi = {10.1145/3180155.3180259},
 acmid = {3180259},
 publisher = {ACM},
 address = {New York, NY, USA},
 keywords = {conditional model checking, formal verification, program analysis, sequential combination, software verification, testing}
} 

@InProceedings{ContextBounding,
author="Qadeer, Shaz
and Rehof, Jakob",
editor="Halbwachs, Nicolas
and Zuck, Lenore D.",
title="Context-Bounded Model Checking of Concurrent Software",
booktitle="Tools and Algorithms for the Construction and Analysis of Systems",
year="2005",
publisher="Springer Berlin Heidelberg",
address="Berlin, Heidelberg",
pages="93--107",
isbn="978-3-540-31980-1"
}


@inproceedings {LinuxUseAfterFree,
author = {Jia-Ju Bai and Julia Lawall and Qiu-Liang Chen and Shi-Min Hu},
title = {Effective Static Analysis of Concurrency Use-After-Free Bugs in {L}inux Device Drivers},
booktitle = {2019 {USENIX} Annual Technical Conference ({USENIX} {ATC} 19)},
year = {2019},
isbn = {978-1-939133-03-8},
address = {Renton, WA},
pages = {255-268},
url = {https://www.usenix.org/conference/atc19/presentation/bai},
publisher = {{USENIX} Association},
month = jul,
}

@InProceedings{Predicate,
author={Graf, Susanne
and Saidi, Hassen},
editor={Grumberg, Orna},
title={Construction of abstract state graphs with {PVS}},
booktitle={Computer Aided Verification},
year={1997},
publisher={Springer Berlin Heidelberg},
address={Berlin, Heidelberg},
pages={72--83},
isbn={978-3-540-69195-2}
}

@inproceedings{KroeningLMST15,
  author = {Daniel Kroening and
               Lihao Liang and
               Tom Melham and
               Peter Schrammel and
               Michael Tautschnig},
  title = {Effective verification of low-level software with nested interrupts},
  booktitle = {Design, Automation {\&} Test in Europe Conference
               {\&} Exhibition (DATE 2015)},
  pages = {229--234},
  year = {2015},
  publisher = {ACM},
  month = {mar},
  url = {http://dl.acm.org/citation.cfm?id=2755803},
  biburl = {http://dblp.uni-trier.de/rec/bib/conf/date/KroeningLMST15},
  bibsource = {dblp computer science bibliography, http://dblp.org}
}

@InProceedings{FreeRTOS,
author={Mukherjee, Suvam
and Kumar, Arun
and D'Souza, Deepak},
editor={Bouajjani, Ahmed
and Monniaux, David},
title={Detecting All High-Level Dataraces in an {RTOS} Kernel},
booktitle={Verification, Model Checking, and Abstract Interpretation},
year={2017},
publisher={Springer International Publishing},
address={Cham},
pages={405--423},
isbn={978-3-319-52234-0}
}

@inproceedings{BornatMPC2000,
 author = {Bornat, Richard},
 title = {Proving Pointer Programs in {H}oare Logic},
 booktitle = {Proceedings of the 5th International Conference on Mathematics of Program Construction},
 series = {MPC '00},
 year = {2000},
 isbn = {3-540-67727-5},
 pages = {102--126},
 numpages = {25},
 url = {http://dl.acm.org/citation.cfm?id=648085.747307},
 acmid = {747307},
 publisher = {Springer-Verlag},
 address = {London, UK, UK},
}

@inproceedings{Burstall72,
 author = {Burstall, R M},
 title = {Some techniques for proving correctness of programs which alter data structures},
 booktitle = {Machine Intelligence 7},
 year = {1972},
 pages = {23--50},
}

@Article{benchexec2019,
author={Beyer, Dirk
and L{\"o}we, Stefan
and Wendler, Philipp},
title={Reliable benchmarking: requirements and solutions},
journal={International Journal on Software Tools for Technology Transfer},
year={2019},
month={Feb},
day={01},
volume={21},
number={1},
pages={1--29},
issn={1433-2787},
doi={10.1007/s10009-017-0469-y},
url={"https://doi.org/10.1007/s10009-017-0469-y}
}

@InProceedings{kleverPsi,
author={Novikov, Evgeny
and Zakharov, Ilja},
editor={Petrenko, Alexander K.
and Voronkov, Andrei},
title={Towards Automated Static Verification of {GNU} {C} Programs},
booktitle={Perspectives of System Informatics},
year={2018},
publisher={Springer International Publishing},
address={Cham},
pages={402--416},
isbn={978-3-319-74313-4}
}

@InProceedings{kleverIsola,
author={Novikov, Evgeny
and Zakharov, Ilja},
editor={Margaria, Tiziana
and Steffen, Bernhard},
title={Verification of Operating System Monolithic Kernels Without Extensions},
booktitle={Leveraging Applications of Formal Methods, Verification and Validation. Industrial Practice},
year={2018},
publisher={Springer International Publishing},
address={Cham},
pages={230--248},
}

@InProceedings{svcomp19,
author={Beyer, Dirk},
editor={Beyer, Dirk
and Huisman, Marieke
and Kordon, Fabrice
and Steffen, Bernhard},
title={Automatic Verification of {C} and {J}ava {P}rograms: {SV-COMP} 2019},
booktitle={Tools and Algorithms for the Construction and Analysis of Systems},
year={2019},
publisher={Springer International Publishing},
address={Cham},
pages={133--155},
isbn={978-3-030-17502-3}
}

@book{Godefroid:1996,
 author = {Godefroid, Patrice},
 editor = {Leeuwen, J. van and Hartmanis, J. and Goos, G.},
 title = {Partial-Order Methods for the Verification of Concurrent Systems: An Approach to the State-Explosion Problem},
 year = {1996},
 isbn = {3540607617},
 publisher = {Springer-Verlag},
 address = {Berlin, Heidelberg},
}

@inproceedings{SPIN,
author = {Gerard J.Holzmann},
title = {The Model Checker SPIN},
publisher = {IEEE Trans. on Software Engineering},
volume={23},
pages = {279-295},
year = {1997},
month={may}
}

@inproceedings{MEMICS16-Multi-Threaded,
author = {Dirk Beyer and Karlheinz Friedberger},
title = {A Light-Weight Approach for Verifying Multi-Threaded Programs with CPAchecker},
booktitle = {Proceedings of the 11th Doctoral Workshop on Mathematical and Engineering Methods in Computer Science (MEMICS~2016, Tel\v{c}, Czechia, October 21-23)},
publisher = {ArXiV},
editor = {J.~Bouda and L.~Hol\'ik and J.~Kofro\v{n} and J.~Strej\v{c}ek and A.~Rambousek},
series = {EPTCS~233},
pages = {61-71},
year = {2016},
doi = {10.4204/EPTCS.233.6},
pdf = {https://www.sosy-lab.org/research/pub/2016-MEMICS.A_Light-Weight_Approach_for_Verifying_Multi-Threaded_Programs_with_CPAchecker.pdf},

}

@inproceedings{Henzinger:2004,
 author = {Henzinger, Thomas A. and Jhala, Ranjit and Majumdar, Rupak},
 title = {Race Checking by Context Inference},
 booktitle = {Proceedings of the ACM SIGPLAN 2004 Conference on Programming Language Design and Implementation},
 series = {PLDI '04},
 year = {2004},
 isbn = {1-58113-807-5},
 location = {Washington DC, USA},
 pages = {1--13},
 numpages = {13},
 url = {http://doi.acm.org/10.1145/996841.996844},
 doi = {10.1145/996841.996844},
 acmid = {996844},
 publisher = {ACM},
 address = {New York, NY, USA},
 keywords = {race conditions, software model checking}
} 

@InProceedings{Malkis:2006,
author="Malkis, Alexander
and Podelski, Andreas
and Rybalchenko, Andrey",
editor="Barkaoui, Kamel
and Cavalcanti, Ana
and Cerone, Antonio",
title="Thread-Modular Verification Is Cartesian Abstract Interpretation",
booktitle="Theoretical Aspects of Computing - ICTAC 2006",
year="2006",
publisher="Springer Berlin Heidelberg",
address="Berlin, Heidelberg",
pages="183--197",
isbn="978-3-540-48816-3"
}

@inproceedings{TSan,
title	= {ThreadSanitizer – data race detection in practice.},
author	= {Konstantin Serebryany and Timur Iskhodzhanov},
year	= {2009},
URL	= {http://doi.acm.org/10.1145/1791194.1791203},
booktitle	= {Proceedings of the Workshop on Binary Instrumentation and Applications},
pages	= {62--71},
address	= {NYC, NY, U.S.A.}
}

@incollection{CPAchecker11,
year={2011},
isbn={978-3-642-22109-5},
booktitle={Computer Aided Verification},
volume={6806},
series={Lecture Notes in Computer Science},
doi={10.1007/978-3-642-22110-1_16},
title={{CPA}checker: A Tool for Configurable Software Verification},
url={http://dx.doi.org/10.1007/978-3-642-22110-1_16},
publisher={Springer Berlin Heidelberg},
author={Beyer, Dirk and Keremoglu, M.Erkan},
pages={184-190}
}

@techreport{CPAchecker09,
    author = {Dirk Beyer and M. Erkan Keremoglu},
    title = {{CPAchecker}: A Tool for Configurable Software Verification},
 year = {2009},
 institution = {School of Computing Science, Simon Fraser University},
 volume = {SFU-CS-2009-02}
}

@inproceedings{Beyer08,
author={Beyer, D. and Henzinger, T.A. and Theoduloz, G.},
booktitle={Automated Software Engineering, 2008. ASE 2008. 23rd IEEE/ACM International Conference on}, 
title={Program Analysis with Dynamic Precision Adjustment},
year={2008},
month={sept.},
volume={},
number={},
pages={29--38},
keywords={client/server software;dynamic precision adjustment;model checking;predicate abstraction;program analysis;client-server systems;program diagnostics;program verification;},
doi={10.1109/ASE.2008.13},
ISSN={1527-1366},
}

@inproceedings{LargeBlocks09,
author={Beyer, D. and Cimatti, A. and Griggio, A. and Keremoglu, M.E. and Sebastiani, R.},
booktitle={Formal Methods in Computer-Aided Design, 2009. FMCAD 2009}, 
title={Software model checking via large-block encoding},
year={2009},
month={nov.},
volume={},
number={},
pages={25--32},
keywords={Boolean predicate abstraction;C programs benchmark;Cartesian predicate abstraction;abstract reachability tree;abstract successor state;arbitrary Boolean formulas;control flow graph;large block encoding;single block encoding;software model checking;software verification;symbolic representation;Boolean functions;program verification;symbol manipulation;trees (mathematics);},
doi={10.1109/FMCAD.2009.5351147},
ISSN={}
}

@inproceedings{Beyer10,
author={Beyer, D. and Keremoglu, M.E. and Wendler, P.},
booktitle={Formal Methods in Computer-Aided Design, 2010. FMCAD 2010}, 
title={Predicate Abstraction with Adjustable-Block Encoding},
year={2010}
}

@inproceedings{Sung:2017,
 author = {Sung, Chungha and Kusano, Markus and Wang, Chao},
 title = {Modular Verification of Interrupt-driven Software},
 booktitle = {Proceedings of the 32Nd IEEE/ACM International Conference on Automated Software Engineering},
 series = {ASE 2017},
 year = {2017},
 isbn = {978-1-5386-2684-9},
 location = {Urbana-Champaign, IL, USA},
 pages = {206--216},
 numpages = {11},
 url = {http://dl.acm.org/citation.cfm?id=3155562.3155592},
 acmid = {3155592},
 publisher = {IEEE Press},
 address = {Piscataway, NJ, USA},
 keywords = {Datalog, Formal verification, Interrupt, Static analysis, abstract interpretation},
}

@article{Liang:2017,
 author = {Liang, Lihao and Melham, Tom and Kroening, Daniel and Schrammel, Peter and Tautschnig, Michael},
 title = {Effective Verification for Low-Level Software with Competing Interrupts},
 journal = {ACM Trans. Embed. Comput. Syst.},
 issue_date = {February 2018},
 volume = {17},
 number = {2},
 month = {dec},
 year = {2017},
 issn = {1539-9087},
 pages = {36:1--36:26},
 articleno = {36},
 numpages = {26},
 url = {http://doi.acm.org/10.1145/3147432},
 doi = {10.1145/3147432},
 acmid = {3147432},
 publisher = {ACM},
 address = {New York, NY, USA},
 keywords = {Interrupt-driven software, concurrency, interrupts, model checking, program instrumentation, symbolic execution},
}

@inproceedings{Zhou:2018,
 author = {Zhou, Qing and Li, Lian and Wang, Lei and Xue, Jingling and Feng, Xiaobing},
 title = {May-happen-in-parallel Analysis with Static Vector Clocks},
 booktitle = {Proceedings of the 2018 International Symposium on Code Generation and Optimization},
 series = {CGO 2018},
 year = {2018},
 isbn = {978-1-4503-5617-6},
 location = {Vienna, Austria},
 pages = {228--240},
 numpages = {13},
 url = {http://doi.acm.org/10.1145/3168813},
 doi = {10.1145/3168813},
 acmid = {3168813},
 publisher = {ACM},
 address = {New York, NY, USA},
 keywords = {Pthreads, context-sensitivity, static race detection},
}

@inproceedings{Eslamimehr:2014,
 author = {Eslamimehr, Mahdi and Palsberg, Jens},
 title = {Sherlock: Scalable Deadlock Detection for Concurrent Programs},
 booktitle = {Proceedings of the 22Nd ACM SIGSOFT International Symposium on Foundations of Software Engineering},
 series = {FSE 2014},
 year = {2014},
 isbn = {978-1-4503-3056-5},
 location = {Hong Kong, China},
 pages = {353--365},
 numpages = {13},
 url = {http://doi.acm.org/10.1145/2635868.2635918},
 doi = {10.1145/2635868.2635918},
 acmid = {2635918},
 publisher = {ACM},
 address = {New York, NY, USA},
 keywords = {Concurrency, deadlocks},
}

@inproceedings{Sui:2016,
 author = {Sui, Yulei and Di, Peng and Xue, Jingling},
 title = {Sparse Flow-sensitive Pointer Analysis for Multithreaded Programs},
 booktitle = {Proceedings of the 2016 International Symposium on Code Generation and Optimization},
 series = {CGO '16},
 year = {2016},
 isbn = {978-1-4503-3778-6},
 location = {Barcelona, Spain},
 pages = {160--170},
 numpages = {11},
 url = {http://doi.acm.org/10.1145/2854038.2854043},
 doi = {10.1145/2854038.2854043},
 acmid = {2854043},
 publisher = {ACM},
 address = {New York, NY, USA},
 keywords = {Flow-Sensitivity, Pointer Analysis, Sparse Analysis},
}

@inproceedings{Steensgaard:1996,
 author = {Steensgaard, Bjarne},
 title = {Points-to Analysis in Almost Linear Time},
 booktitle = {Proceedings of the 23rd ACM SIGPLAN-SIGACT Symposium on Principles of Programming Languages},
 series = {POPL '96},
 year = {1996},
 isbn = {0-89791-769-3},
 location = {St. Petersburg Beach, Florida, USA},
 pages = {32--41},
 numpages = {10},
 url = {http://doi.acm.org/10.1145/237721.237727},
 doi = {10.1145/237721.237727},
 acmid = {237727},
 publisher = {ACM},
 address = {New York, NY, USA}
}

@InProceedings{CIL,
author={Necula, George C. and McPeak, Scott and Rahul, Shree P. and Weimer, Westley},
editor={Horspool, R. Nigel},
title={CIL: Intermediate Language and Tools for Analysis and Transformation of C Programs},
booktitle={Compiler Construction},
year={2002},
publisher={Springer Berlin Heidelberg},
address={Berlin, Heidelberg},
pages={213--228},
isbn={978-3-540-45937-8}
}

@inproceedings{Alglave:2013,
 author = {Alglave, Jade and Kroening, Daniel and Nimal, Vincent and Tautschnig, Michael},
 title = {Software Verification for Weak Memory via Program Transformation},
 booktitle = {Proceedings of the 22Nd European Conference on Programming Languages and Systems},
 series = {ESOP'13},
 year = {2013},
 isbn = {978-3-642-37035-9},
 location = {Rome, Italy},
 pages = {512--532},
 numpages = {21},
 url = {http://dx.doi.org/10.1007/978-3-642-37036-6_28},
 doi = {10.1007/978-3-642-37036-6_28},
 acmid = {2450306},
 publisher = {Springer-Verlag},
 address = {Berlin, Heidelberg}
}

@inproceedings{Abdulla:2017,
 author = {Abdulla, Parosh Aziz and Atig, Mohamed Faouzi and Bouajjani, Ahmed and Ngo, Tuan Phong},
 title = {Context-Bounded Analysis for POWER},
 booktitle = {Proceedings, Part II, of the 23rd International Conference on Tools and Algorithms for the Construction and Analysis of Systems - Volume 10206},
 year = {2017},
 isbn = {978-3-662-54579-9},
 pages = {56--74},
 numpages = {19},
 url = {https://doi.org/10.1007/978-3-662-54580-5_4},
 doi = {10.1007/978-3-662-54580-5_4},
 acmid = {3080460},
 publisher = {Springer-Verlag New York, Inc.},
 address = {New York, NY, USA}
} 

@article{Musuvathi:2007,
 author = {Musuvathi, Madanlal and Qadeer, Shaz},
 title = {Iterative Context Bounding for Systematic Testing of Multithreaded Programs},
 journal = {SIGPLAN Not.},
 issue_date = {June 2007},
 volume = {42},
 number = {6},
 month = {jun},
 year = {2007},
 issn = {0362-1340},
 pages = {446--455},
 numpages = {10},
 url = {http://doi.acm.org/10.1145/1273442.1250785},
 doi = {10.1145/1273442.1250785},
 acmid = {1250785},
 publisher = {ACM},
 address = {New York, NY, USA},
 keywords = {concurrency, context-bounding, model checking, multithreading, partial-order reduction, shared-memory programs, software testing},
}

@InProceedings{SATabs,
author={Clarke, Edmund and Kroening, Daniel and Sharygina, Natasha and Yorav, Karen},
editor={Halbwachs, Nicolas and Zuck, Lenore D.},
title={SATABS: SAT-Based Predicate Abstraction for ANSI-C},
booktitle={Tools and Algorithms for the Construction and Analysis of Systems},
year={2005},
publisher={Springer Berlin Heidelberg},
address={Berlin, Heidelberg},
pages={570--574},
isbn={978-3-540-31980-1}
}


@article{Clarke:2003,
 author = {Clarke, Edmund and Grumberg, Orna and Jha, Somesh and Lu, Yuan and Veith, Helmut},
 title = {Counterexample-guided Abstraction Refinement for Symbolic Model Checking},
 journal = {J. ACM},
 issue_date = {September 2003},
 volume = {50},
 number = {5},
 month = {sep},
 year = {2003},
 issn = {0004-5411},
 pages = {752--794},
 numpages = {43},
 url = {http://doi.acm.org/10.1145/876638.876643},
 doi = {10.1145/876638.876643},
 acmid = {876643},
 publisher = {ACM},
 address = {New York, NY, USA},
 keywords = {Abstraction, hardware verification, symbolic model checking, temporal logic}
}

@book{Leveson:1995,
 author = {Leveson, Nancy G.},
 title = {Safeware: System Safety and Computers},
 year = {1995},
 isbn = {0-201-11972-2},
 publisher = {ACM},
 address = {New York, NY, USA}
}

@inproceedings{Qi:2009:MPE,
 author = {Qi, Yao and Das, Raja and Luo, Zhi Da and Trotter, Martin},
 title = {MulticoreSDK: A Practical and Efficient Data Race Detector for Real-world Applications},
 booktitle = {Proceedings of the 7th Workshop on Parallel and Distributed Systems: Testing, Analysis, and Debugging},
 series = {PADTAD '09},
 year = {2009},
 isbn = {978-1-60558-655-7},
 location = {Chicago, Illinois},
 pages = {5:1--5:11},
 articleno = {5},
 numpages = {11},
 url = {http://doi.acm.org/10.1145/1639622.1639627},
 doi = {10.1145/1639622.1639627},
 acmid = {1639627},
 publisher = {ACM},
 address = {New York, NY, USA},
 keywords = {concurrent program analysis, data race detection, multicore platform}
}

@inproceedings{Kusano:2016:FCT,
 author = {Kusano, Markus and Wang, Chao},
 title = {Flow-sensitive Composition of Thread-modular Abstract Interpretation},
 booktitle = {Proceedings of the 2016 24th ACM SIGSOFT International Symposium on Foundations of Software Engineering},
 series = {FSE 2016},
 year = {2016},
 isbn = {978-1-4503-4218-6},
 location = {Seattle, WA, USA},
 pages = {799--809},
 numpages = {11},
 url = {http://doi.acm.org/10.1145/2950290.2950291},
 doi = {10.1145/2950290.2950291},
 acmid = {2950291},
 publisher = {ACM},
 address = {New York, NY, USA},
 keywords = {Abstract interpretation, Concurrency, Datalog, Interference, Invariant generation, Threadmodular reasoning}
}

@inproceedings{Le:2015:TRC,
 author = {Le, Duy-Khanh and Chin, Wei-Ngan and Teo, Yong Meng},
 title = {Threads As Resource for Concurrency Verification},
 booktitle = {Proceedings of the 2015 Workshop on Partial Evaluation and Program Manipulation},
 series = {PEPM '15},
 year = {2015},
 isbn = {978-1-4503-3297-2},
 location = {Mumbai, India},
 pages = {73--84},
 numpages = {12},
 url = {http://doi.acm.org/10.1145/2678015.2682540},
 doi = {10.1145/2678015.2682540},
 acmid = {2682540},
 publisher = {ACM},
 address = {New York, NY, USA},
 keywords = {concurrency verification, first-class threads, separation logic, threads as resource}
}

@inproceedings{Di:2016:ADD,
 author = {Di, Peng and Sui, Yulei},
 title = {Accelerating Dynamic Data Race Detection Using Static Thread Interference Analysis},
 booktitle = {Proceedings of the 7th International Workshop on Programming Models and Applications for Multicores and Manycores},
 series = {PMAM'16},
 year = {2016},
 isbn = {978-1-4503-4196-7},
 location = {Barcelona, Spain},
 pages = {30--39},
 numpages = {10},
 url = {http://doi.acm.org/10.1145/2883404.2883405},
 doi = {10.1145/2883404.2883405},
 acmid = {2883405},
 publisher = {ACM},
 address = {New York, NY, USA},
 keywords = {concurrent program, data race, multithreaded, static analysis}
}

@inproceedings{PDR,
author = {Hoder, Kry\v{s}tof and Bj\o{}rner, Nikolaj},
title = {Generalized Property Directed Reachability},
year = {2012},
isbn = {9783642316111},
publisher = {Springer-Verlag},
address = {Berlin, Heidelberg},
url = {https://doi.org/10.1007/978-3-642-31612-8_13},
doi = {10.1007/978-3-642-31612-8_13},
booktitle = {Proceedings of the 15th International Conference on Theory and Applications of Satisfiability Testing},
pages = {157–171},
numpages = {15},
location = {Trento, Italy},
series = {SAT’12}
}

@inproceedings{Smith:2011:LGS,
 author = {Smith, Adam R. and Kulkarni, Prasad A.},
 title = {Localizing Globals and Statics to Make C Programs Thread-safe},
 booktitle = {Proceedings of the 14th International Conference on Compilers, Architectures and Synthesis for Embedded Systems},
 series = {CASES '11},
 year = {2011},
 isbn = {978-1-4503-0713-0},
 location = {Taipei, Taiwan},
 pages = {205--214},
 numpages = {10},
 url = {http://doi.acm.org/10.1145/2038698.2038730},
 doi = {10.1145/2038698.2038730},
 acmid = {2038730},
 publisher = {ACM},
 address = {New York, NY, USA},
 keywords = {globals, thread-safe}
} 

@article{Radoi:2015:ETS,
 author = {Radoi, Cosmin and Dig, Danny},
 title = {Effective Techniques for Static Race Detection in Java Parallel Loops},
 journal = {ACM Trans. Softw. Eng. Methodol.},
 issue_date = {August 2015},
 volume = {24},
 number = {4},
 month = {sep},
 year = {2015},
 issn = {1049-331X},
 pages = {24:1--24:30},
 articleno = {24},
 numpages = {30},
 url = {http://doi.acm.org/10.1145/2729975},
 doi = {10.1145/2729975},
 acmid = {2729975},
 publisher = {ACM},
 address = {New York, NY, USA},
 keywords = {Java, Static race detection, static analysis, synchronization}
}

@inproceedings{Yoga:2016:PDR,
 author = {Yoga, Adarsh and Nagarakatte, Santosh and Gupta, Aarti},
 title = {Parallel Data Race Detection for Task Parallel Programs with Locks},
 booktitle = {Proceedings of the 2016 24th ACM SIGSOFT International Symposium on Foundations of Software Engineering},
 series = {FSE 2016},
 year = {2016},
 isbn = {978-1-4503-4218-6},
 location = {Seattle, WA, USA},
 pages = {833--845},
 numpages = {13},
 url = {http://doi.acm.org/10.1145/2950290.2950329},
 doi = {10.1145/2950290.2950329},
 acmid = {2950329},
 publisher = {ACM},
 address = {New York, NY, USA},
 keywords = {Data Races, Fork Join Programs, Intel TBB}
} 

@InProceedings{Kahlon:2009:SRTI,
author={Kahlon, Vineet and Sankaranarayanan, Sriram and Gupta, Aarti},
editor={Kowalewski, Stefan and Philippou, Anna},
title={Semantic Reduction of Thread Interleavings in Concurrent Programs},
booktitle={Tools and Algorithms for the Construction and Analysis of Systems},
year={2009},
publisher={Springer Berlin Heidelberg},
address={Berlin, Heidelberg},
pages={124--138},
isbn={978-3-642-00768-2}
}

@inproceedings{Atig:2009,
 author = {Atig, Mohamed Faouzi and Bouajjani, Ahmed and Qadeer, Shaz},
 title = {Context-Bounded Analysis for Concurrent Programs with Dynamic Creation of Threads},
 booktitle = {Proceedings of the 15th International Conference on Tools and Algorithms for the Construction and Analysis of Systems: Held As Part of the Joint European Conferences on Theory and Practice of Software, ETAPS 2009,},
 series = {TACAS '09},
 year = {2009},
 isbn = {978-3-642-00767-5},
 location = {York, UK},
 pages = {107--123},
 numpages = {17},
 url = {http://dx.doi.org/10.1007/978-3-642-00768-2_11},
 doi = {10.1007/978-3-642-00768-2_11},
 acmid = {1532906},
 publisher = {Springer-Verlag},
 address = {Berlin, Heidelberg}
}

@article{KIM200921,
title = {Model-based Kernel Testing for Concurrency Bugs through Counter Example Replay},
journal = {Electronic Notes in Theoretical Computer Science},
volume = {253},
number = {2},
pages = {21 - 36},
year = {2009},
note = {Proceedings of Fifth Workshop on Model Based Testing (MBT 2009)},
issn = {1571-0661},
doi = {https://doi.org/10.1016/j.entcs.2009.09.049},
url = {http://www.sciencedirect.com/science/article/pii/S1571066109004034},
author = {Moonzoo Kim and Shin Hong and Changki Hong and Taeho Kim},
keywords = {Model checking, testing, counter example analysis, model extraction}
}

@inproceedings{Chatterjee:2007,
 author = {Chatterjee, Shaunak and Lahiri, Shuvendu K. and Qadeer, Shaz and Rakamaric, Zvonimir},
 title = {A Reachability Predicate for Analyzing Low-level Software},
 booktitle = {Proceedings of the 13th International Conference on Tools and Algorithms for the Construction and Analysis of Systems},
 series = {TACAS'07},
 year = {2007},
 isbn = {978-3-540-71208-4},
 location = {Braga, Portugal},
 pages = {19--33},
 numpages = {15},
 url = {http://dl.acm.org/citation.cfm?id=1763507.1763513},
 acmid = {1763513},
 publisher = {Springer-Verlag},
 address = {Berlin, Heidelberg}
} 

@inproceedings{boogiePL,
author = {DeLine, Rob and Leino, Rustan},
title = {BoogiePL: A Typed Procedural Language for Checking Object-Oriented Programs},
booktitle = {Technical Report MSR-TR-2005-70},
year = {2005},
institution = {Microsoft Research},
month = {March},
publisher = {Microsoft Research},
url = {https://www.microsoft.com/en-us/research/publication/boogiepl-a-typed-procedural-language-for-checking-object-oriented-programs/},
address = {},
pages = {13},
journal = {},
volume = {},
chapter = {},
isbn = {}
}

@inproceedings{Vafeiadis:2010,
 author = {Vafeiadis, Viktor},
 title = {Automatically Proving Linearizability},
 booktitle = {Proceedings of the 22Nd International Conference on Computer Aided Verification},
 series = {CAV'10},
 year = {2010},
 isbn = {3-642-14294-X, 978-3-642-14294-9},
 location = {Edinburgh, UK},
 pages = {450--464},
 numpages = {15},
 url = {http://dx.doi.org/10.1007/978-3-642-14295-6_40},
 doi = {10.1007/978-3-642-14295-6_40},
 acmid = {2144361},
 publisher = {Springer-Verlag},
 address = {Berlin, Heidelberg}
}

@inproceedings{Fonseca:2011,
 author = {Fonseca, Pedro and Li, Cheng and Rodrigues, Rodrigo},
 title = {Finding Complex Concurrency Bugs in Large Multi-threaded Applications},
 booktitle = {Proceedings of the Sixth Conference on Computer Systems},
 series = {EuroSys '11},
 year = {2011},
 isbn = {978-1-4503-0634-8},
 location = {Salzburg, Austria},
 pages = {215--228},
 numpages = {14},
 url = {http://doi.acm.org/10.1145/1966445.1966465},
 doi = {10.1145/1966445.1966465},
 acmid = {1966465},
 publisher = {ACM},
 address = {New York, NY, USA},
 keywords = {concurrency bugs, latent bugs, linearizability, semantic bugs}
}

@INPROCEEDINGS{Fonseca:2010, 
author={P. Fonseca and Cheng Li and V. Singhal and R. Rodrigues}, 
booktitle={2010 IEEE/IFIP International Conference on Dependable Systems Networks (DSN)}, 
title={A study of the internal and external effects of concurrency bugs}, 
year={2010}, 
volume={}, 
number={}, 
pages={221-230}, 
keywords={SQL;multiprocessing programs;parallel programming;program debugging;MySQL;concurrency bug;concurrent programming;data structure;database server;error prone task;multicore era;Computer bugs;Concurrent computing;Fault detection;Interleaved codes;Manufacturing processes;Performance gain;Programming profession;Software performance;Software systems;Yarn}, 
doi={10.1109/DSN.2010.5544315}, 
ISSN={1530-0889}, 
month={June}
}

@inproceedings{DataCollider,
author = {Erickson, John and Musuvathi, Madan and Burckhardt, Sebastian and Olynyk, Kirk},
title = {Effective Data-Race Detection for the Kernel},
booktitle = {Operating System Design and Implementation (OSDI'10)},
year = {2010},
month = {October},
publisher = {USENIX},
url = {https://www.microsoft.com/en-us/research/publication/effective-data-race-detection-for-the-kernel/},
address = {},
pages = {},
journal = {},
volume = {},
chapter = {},
isbn = {}
}

@inproceedings{Park:2009:ASPLOS,
 author = {Park, Soyeon and Lu, Shan and Zhou, Yuanyuan},
 title = {CTrigger: Exposing Atomicity Violation Bugs from Their Hiding Places},
 booktitle = {Proceedings of the 14th International Conference on Architectural Support for Programming Languages and Operating Systems},
 series = {ASPLOS XIV},
 year = {2009},
 isbn = {978-1-60558-406-5},
 location = {Washington, DC, USA},
 pages = {25--36},
 numpages = {12},
 url = {http://doi.acm.org/10.1145/1508244.1508249},
 doi = {10.1145/1508244.1508249},
 acmid = {1508249},
 publisher = {ACM},
 address = {New York, NY, USA},
 keywords = {concurrency bug, software testing}
} 

@article{Park:2009:SIGARCH,
 author = {Park, Soyeon and Lu, Shan and Zhou, Yuanyuan},
 title = {CTrigger: Exposing Atomicity Violation Bugs from Their Hiding Places},
 journal = {SIGARCH Comput. Archit. News},
 issue_date = {March 2009},
 volume = {37},
 number = {1},
 month = {mar},
 year = {2009},
 issn = {0163-5964},
 pages = {25--36},
 numpages = {12},
 url = {http://doi.acm.org/10.1145/2528521.1508249},
 doi = {10.1145/2528521.1508249},
 acmid = {1508249},
 publisher = {ACM},
 address = {New York, NY, USA},
 keywords = {concurrency bug, software testing}
} 

@article{Park:2009,
 author = {Park, Soyeon and Lu, Shan and Zhou, Yuanyuan},
 title = {CTrigger: Exposing Atomicity Violation Bugs from Their Hiding Places},
 journal = {SIGPLAN Not.},
 issue_date = {March 2009},
 volume = {44},
 number = {3},
 month = {mar},
 year = {2009},
 issn = {0362-1340},
 pages = {25--36},
 numpages = {12},
 url = {http://doi.acm.org/10.1145/1508284.1508249},
 doi = {10.1145/1508284.1508249},
 acmid = {1508249},
 publisher = {ACM},
 address = {New York, NY, USA},
 keywords = {concurrency bug, software testing}
}

@inproceedings{Serebryany:2011,
 author = {Serebryany, Konstantin and Potapenko, Alexander and Iskhodzhanov, Timur and Vyukov, Dmitriy},
 title = {Dynamic Race Detection with LLVM Compiler},
 booktitle = {Proceedings of the Second International Conference on Runtime Verification},
 series = {RV'11},
 year = {2012},
 isbn = {978-3-642-29859-2},
 location = {San Francisco, CA},
 pages = {110--114},
 numpages = {5},
 url = {http://dx.doi.org/10.1007/978-3-642-29860-8_9},
 doi = {10.1007/978-3-642-29860-8_9},
 acmid = {2341628},
 publisher = {Springer-Verlag},
 address = {Berlin, Heidelberg}
}

@inproceedings{Bond:2010:PLDI,
 author = {Bond, Michael D. and Coons, Katherine E. and McKinley, Kathryn S.},
 title = {PACER: Proportional Detection of Data Races},
 booktitle = {Proceedings of the 31st ACM SIGPLAN Conference on Programming Language Design and Implementation},
 series = {PLDI '10},
 year = {2010},
 isbn = {978-1-4503-0019-3},
 location = {Toronto, Ontario, Canada},
 pages = {255--268},
 numpages = {14},
 url = {http://doi.acm.org/10.1145/1806596.1806626},
 doi = {10.1145/1806596.1806626},
 acmid = {1806626},
 publisher = {ACM},
 address = {New York, NY, USA},
 keywords = {bugs, concurrency, data races, sampling}
} 

@article{Bond:2010,
 author = {Bond, Michael D. and Coons, Katherine E. and McKinley, Kathryn S.},
 title = {PACER: Proportional Detection of Data Races},
 journal = {SIGPLAN Not.},
 issue_date = {June 2010},
 volume = {45},
 number = {6},
 month = {jun},
 year = {2010},
 issn = {0362-1340},
 pages = {255--268},
 numpages = {14},
 url = {http://doi.acm.org/10.1145/1809028.1806626},
 doi = {10.1145/1809028.1806626},
 acmid = {1806626},
 publisher = {ACM},
 address = {New York, NY, USA},
 keywords = {bugs, concurrency, data races, sampling}
}

@article{Marino:2009,
 author = {Marino, Daniel and Musuvathi, Madanlal and Narayanasamy, Satish},
 title = {LiteRace: Effective Sampling for Lightweight Data-race Detection},
 journal = {SIGPLAN Not.},
 issue_date = {June 2009},
 volume = {44},
 number = {6},
 month = {jun},
 year = {2009},
 issn = {0362-1340},
 pages = {134--143},
 numpages = {10},
 url = {http://doi.acm.org/10.1145/1543135.1542491},
 doi = {10.1145/1543135.1542491},
 acmid = {1542491},
 publisher = {ACM},
 address = {New York, NY, USA},
 keywords = {concurrency bugs, dynamic data race detection, sampling}
} 

@inproceedings{Marino:2009:PLDI,
 author = {Marino, Daniel and Musuvathi, Madanlal and Narayanasamy, Satish},
 title = {LiteRace: Effective Sampling for Lightweight Data-race Detection},
 booktitle = {Proceedings of the 30th ACM SIGPLAN Conference on Programming Language Design and Implementation},
 series = {PLDI '09},
 year = {2009},
 isbn = {978-1-60558-392-1},
 location = {Dublin, Ireland},
 pages = {134--143},
 numpages = {10},
 url = {http://doi.acm.org/10.1145/1542476.1542491},
 doi = {10.1145/1542476.1542491},
 acmid = {1542491},
 publisher = {ACM},
 address = {New York, NY, USA},
 keywords = {concurrency bugs, dynamic data race detection, sampling}
}

@inproceedings{Sadowski:2009,
 author = {Sadowski, Caitlin and Freund, Stephen N. and Flanagan, Cormac},
 title = {SingleTrack: A Dynamic Determinism Checker for Multithreaded Programs},
 booktitle = {Proceedings of the 18th European Symposium on Programming Languages and Systems: Held As Part of the Joint European Conferences on Theory and Practice of Software, ETAPS 2009},
 series = {ESOP '09},
 year = {2009},
 isbn = {978-3-642-00589-3},
 location = {York, UK},
 pages = {394--409},
 numpages = {16},
 url = {http://dx.doi.org/10.1007/978-3-642-00590-9_28},
 doi = {10.1007/978-3-642-00590-9_28},
 acmid = {1533012},
 publisher = {Springer-Verlag},
 address = {Berlin, Heidelberg}
}

@inproceedings{Flanagan:2009:PLDI,
 author = {Flanagan, Cormac and Freund, Stephen N.},
 title = {FastTrack: Efficient and Precise Dynamic Race Detection},
 booktitle = {Proceedings of the 30th ACM SIGPLAN Conference on Programming Language Design and Implementation},
 series = {PLDI '09},
 year = {2009},
 isbn = {978-1-60558-392-1},
 location = {Dublin, Ireland},
 pages = {121--133},
 numpages = {13},
 url = {http://doi.acm.org/10.1145/1542476.1542490},
 doi = {10.1145/1542476.1542490},
 acmid = {1542490},
 publisher = {ACM},
 address = {New York, NY, USA},
 keywords = {concurrency, dynamic analysis, race conditions}
} 

@article{Flanagan:2009,
 author = {Flanagan, Cormac and Freund, Stephen N.},
 title = {FastTrack: Efficient and Precise Dynamic Race Detection},
 journal = {SIGPLAN Not.},
 issue_date = {June 2009},
 volume = {44},
 number = {6},
 month = {jun},
 year = {2009},
 issn = {0362-1340},
 pages = {121--133},
 numpages = {13},
 url = {http://doi.acm.org/10.1145/1543135.1542490},
 doi = {10.1145/1543135.1542490},
 acmid = {1542490},
 publisher = {ACM},
 address = {New York, NY, USA},
 keywords = {concurrency, dynamic analysis, race conditions}
}

@inproceedings{Xiong:2010,
 author = {Xiong, Weiwei and Park, Soyeon and Zhang, Jiaqi and Zhou, Yuanyuan and Ma, Zhiqiang},
 title = {Ad Hoc Synchronization Considered Harmful},
 booktitle = {Proceedings of the 9th USENIX Conference on Operating Systems Design and Implementation},
 series = {OSDI'10},
 year = {2010},
 location = {Vancouver, BC, Canada},
 pages = {163--176},
 numpages = {14},
 url = {http://dl.acm.org/citation.cfm?id=1924943.1924955},
 acmid = {1924955},
 publisher = {USENIX Association},
 address = {Berkeley, CA, USA}
}

@inproceedings{Naik:2009,
 author = {Naik, Mayur and Park, Chang-Seo and Sen, Koushik and Gay, David},
 title = {Effective Static Deadlock Detection},
 booktitle = {Proceedings of the 31st International Conference on Software Engineering},
 series = {ICSE '09},
 year = {2009},
 isbn = {978-1-4244-3453-4},
 pages = {386--396},
 numpages = {11},
 url = {http://dx.doi.org/10.1109/ICSE.2009.5070538},
 doi = {10.1109/ICSE.2009.5070538},
 acmid = {1555052},
 publisher = {IEEE Computer Society},
 address = {Washington, DC, USA}
} 

@inproceedings{Kahlon:2009:SDR,
 author = {Kahlon, Vineet and Sinha, Nishant and Kruus, Erik and Zhang, Yun},
 title = {Static Data Race Detection for Concurrent Programs with Asynchronous Calls},
 booktitle = {Proceedings of the the 7th Joint Meeting of the European Software Engineering Conference and the ACM SIGSOFT Symposium on The Foundations of Software Engineering},
 series = {ESEC/FSE '09},
 year = {2009},
 isbn = {978-1-60558-001-2},
 location = {Amsterdam, The Netherlands},
 pages = {13--22},
 numpages = {10},
 url = {http://doi.acm.org/10.1145/1595696.1595701},
 doi = {10.1145/1595696.1595701},
 acmid = {1595701},
 publisher = {ACM},
 address = {New York, NY, USA},
 keywords = {asynchronous programs, bootstrapping, pointer analysis, static data race detection}
}

@inproceedings{Seidl:2009,
 author = {Seidl, Helmut and Vojdani, Vesal},
 title = {Region Analysis for Race Detection},
 booktitle = {Proceedings of the 16th International Symposium on Static Analysis},
 series = {SAS '09},
 year = {2009},
 isbn = {978-3-642-03236-3},
 location = {Los Angeles, CA},
 pages = {171--187},
 numpages = {17},
 url = {http://dx.doi.org/10.1007/978-3-642-03237-0_13},
 doi = {10.1007/978-3-642-03237-0_13},
 acmid = {1615456},
 publisher = {Springer-Verlag},
 address = {Berlin, Heidelberg}
} 

@article{Pratikakis:2011,
 author = {Pratikakis, Polyvios and Foster, Jeffrey S. and Hicks, Michael},
 title = {LOCKSMITH: Practical Static Race Detection for C},
 journal = {ACM Trans. Program. Lang. Syst.},
 issue_date = {January 2011},
 volume = {33},
 number = {1},
 month = {jan},
 year = {2011},
 issn = {0164-0925},
 pages = {3:1--3:55},
 articleno = {3},
 numpages = {55},
 url = {http://doi.acm.org/10.1145/1889997.1890000},
 doi = {10.1145/1889997.1890000},
 acmid = {1890000},
 publisher = {ACM},
 address = {New York, NY, USA},
 keywords = {Data race, Locksmith, context sensitivity, contextual effects, correlation inference, race detection, sharing analysis, static analysis}
}

@article{Yahav:2008,
 author = {Yahav, Eran and Sagiv, Mooly},
 title = {Verifying Safety Properties of Concurrent Heap-manipulating Programs},
 journal = {ACM Trans. Program. Lang. Syst.},
 issue_date = {May 2010},
 volume = {32},
 number = {5},
 month = {may},
 year = {2008},
 issn = {0164-0925},
 pages = {18:1--18:50},
 articleno = {18},
 numpages = {50},
 url = {http://doi.acm.org/10.1145/1745312.1745315},
 doi = {10.1145/1745312.1745315},
 acmid = {1745315},
 publisher = {ACM},
 address = {New York, NY, USA},
 keywords = {Abstract interpretation, Java, concurrency, safety properties, shape-analysis, verification}
}

@inproceedings{Leino:2009,
 author = {Leino, K. Rustan and M\"{u}ller, Peter},
 title = {A Basis for Verifying Multi-threaded Programs},
 booktitle = {Proceedings of the 18th European Symposium on Programming Languages and Systems: Held As Part of the Joint European Conferences on Theory and Practice of Software, ETAPS 2009},
 series = {ESOP '09},
 year = {2009},
 isbn = {978-3-642-00589-3},
 location = {York, UK},
 pages = {378--393},
 numpages = {16},
 url = {http://dx.doi.org/10.1007/978-3-642-00590-9_27},
 doi = {10.1007/978-3-642-00590-9_27},
 acmid = {1533011},
 publisher = {Springer-Verlag},
 address = {Berlin, Heidelberg}
}

@inproceedings{Ganty:2009:POPL,
 author = {Ganty, Pierre and Majumdar, Rupak and Rybalchenko, Andrey},
 title = {Verifying Liveness for Asynchronous Programs},
 booktitle = {Proceedings of the 36th Annual ACM SIGPLAN-SIGACT Symposium on Principles of Programming Languages},
 series = {POPL '09},
 year = {2009},
 isbn = {978-1-60558-379-2},
 location = {Savannah, GA, USA},
 pages = {102--113},
 numpages = {12},
 url = {http://doi.acm.org/10.1145/1480881.1480895},
 doi = {10.1145/1480881.1480895},
 acmid = {1480895},
 publisher = {ACM},
 address = {New York, NY, USA},
 keywords = {asynchronous (event-driven) programming, fair termination, liveness, petri nets}
} 

@article{Ganty:2009,
 author = {Ganty, Pierre and Majumdar, Rupak and Rybalchenko, Andrey},
 title = {Verifying Liveness for Asynchronous Programs},
 journal = {SIGPLAN Not.},
 issue_date = {January 2009},
 volume = {44},
 number = {1},
 month = {jan},
 year = {2009},
 issn = {0362-1340},
 pages = {102--113},
 numpages = {12},
 url = {http://doi.acm.org/10.1145/1594834.1480895},
 doi = {10.1145/1594834.1480895},
 acmid = {1480895},
 publisher = {ACM},
 address = {New York, NY, USA},
 keywords = {asynchronous (event-driven) programming, fair termination, liveness, petri nets}
}

@inproceedings{Zhang:2015:PLDI,
 author = {Zhang, Naling and Kusano, Markus and Wang, Chao},
 title = {Dynamic Partial Order Reduction for Relaxed Memory Models},
 booktitle = {Proceedings of the 36th ACM SIGPLAN Conference on Programming Language Design and Implementation},
 series = {PLDI '15},
 year = {2015},
 isbn = {978-1-4503-3468-6},
 location = {Portland, OR, USA},
 pages = {250--259},
 numpages = {10},
 url = {http://doi.acm.org/10.1145/2737924.2737956},
 doi = {10.1145/2737924.2737956},
 acmid = {2737956},
 publisher = {ACM},
 address = {New York, NY, USA},
 keywords = {DPOR, PSO, Stateless model checking, TSO, partial order reduction, relaxed memory model, runtime verification}
} 

@article{Zhang:2015,
 author = {Zhang, Naling and Kusano, Markus and Wang, Chao},
 title = {Dynamic Partial Order Reduction for Relaxed Memory Models},
 journal = {SIGPLAN Not.},
 issue_date = {June 2015},
 volume = {50},
 number = {6},
 month = {jun},
 year = {2015},
 issn = {0362-1340},
 pages = {250--259},
 numpages = {10},
 url = {http://doi.acm.org/10.1145/2813885.2737956},
 doi = {10.1145/2813885.2737956},
 acmid = {2737956},
 publisher = {ACM},
 address = {New York, NY, USA},
 keywords = {DPOR, PSO, Stateless model checking, TSO, partial order reduction, relaxed memory model, runtime verification}
}

@inproceedings{Abdulla:2014:POPL,
 author = {Abdulla, Parosh and Aronis, Stavros and Jonsson, Bengt and Sagonas, Konstantinos},
 title = {Optimal Dynamic Partial Order Reduction},
 booktitle = {Proceedings of the 41st ACM SIGPLAN-SIGACT Symposium on Principles of Programming Languages},
 series = {POPL '14},
 year = {2014},
 isbn = {978-1-4503-2544-8},
 location = {San Diego, California, USA},
 pages = {373--384},
 numpages = {12},
 url = {http://doi.acm.org/10.1145/2535838.2535845},
 doi = {10.1145/2535838.2535845},
 acmid = {2535845},
 publisher = {ACM},
 address = {New York, NY, USA},
 keywords = {concurrency, dynamic partial order reduction, software model checking, source sets, systematic testing, wakeup trees}
} 

@article{Abdulla:2014,
 author = {Abdulla, Parosh and Aronis, Stavros and Jonsson, Bengt and Sagonas, Konstantinos},
 title = {Optimal Dynamic Partial Order Reduction},
 journal = {SIGPLAN Not.},
 issue_date = {January 2014},
 volume = {49},
 number = {1},
 month = {jan},
 year = {2014},
 issn = {0362-1340},
 pages = {373--384},
 numpages = {12},
 url = {http://doi.acm.org/10.1145/2578855.2535845},
 doi = {10.1145/2578855.2535845},
 acmid = {2535845},
 publisher = {ACM},
 address = {New York, NY, USA},
 keywords = {concurrency, dynamic partial order reduction, software model checking, source sets, systematic testing, wakeup trees}
}

@inproceedings{Kahlon:2009,
 author = {Kahlon, Vineet and Wang, Chao and Gupta, Aarti},
 title = {Monotonic Partial Order Reduction: An Optimal Symbolic Partial Order Reduction Technique},
 booktitle = {Proceedings of the 21st International Conference on Computer Aided Verification},
 series = {CAV '09},
 year = {2009},
 isbn = {978-3-642-02657-7},
 location = {Grenoble, France},
 pages = {398--413},
 numpages = {16},
 url = {http://dx.doi.org/10.1007/978-3-642-02658-4_31},
 doi = {10.1007/978-3-642-02658-4_31},
 acmid = {1575094},
 publisher = {Springer-Verlag},
 address = {Berlin, Heidelberg},
}

@inproceedings{Burnim:2009,
 author = {Burnim, Jacob and Sen, Koushik},
 title = {Asserting and Checking Determinism for Multithreaded Programs},
 booktitle = {Proceedings of the the 7th Joint Meeting of the European Software Engineering Conference and the ACM SIGSOFT Symposium on The Foundations of Software Engineering},
 series = {ESEC/FSE '09},
 year = {2009},
 isbn = {978-1-60558-001-2},
 location = {Amsterdam, The Netherlands},
 pages = {3--12},
 numpages = {10},
 url = {http://doi.acm.org/10.1145/1595696.1595700},
 doi = {10.1145/1595696.1595700},
 acmid = {1595700},
 publisher = {ACM},
 address = {New York, NY, USA},
 keywords = {assertions, determinism, parallel programs}
}

@INPROCEEDINGS{VCC:2009, 
author={M. Dahlweid and M. Moskal and T. Santen and S. Tobies and W. Schulte}, 
booktitle={2009 31st International Conference on Software Engineering - Companion Volume}, 
title={VCC: Contract-based modular verification of concurrent C}, 
year={2009}, 
volume={}, 
number={}, 
pages={429-430}, 
keywords={C language;formal verification;program compilers;program debugging;software reliability;Microsoft Hyper-V;Microsoft visual studio;annotated C;contract-based modular verification;formal verification;log analyzer;modular sound verification methodology;real-world production code;system level software;system reliability;system-level C code;verification debugging;verified C compiler;Concurrent computing;Contracts;Data structures;Debugging;Formal verification;Production;Reliability;Software systems;Technological innovation;Yarn}, 
doi={10.1109/ICSE-COMPANION.2009.5071046}, 
ISSN={}, 
month={May}
}

@article{Cohen:2009,
 author = {Cohen, Ariel and Namjoshi, Kedar S.},
 title = {Local Proofs for Global Safety Properties},
 journal = {Form. Methods Syst. Des.},
 issue_date = {April     2009},
 volume = {34},
 number = {2},
 month = {apr},
 year = {2009},
 issn = {0925-9856},
 pages = {104--125},
 numpages = {22},
 url = {http://dx.doi.org/10.1007/s10703-008-0063-8},
 doi = {10.1007/s10703-008-0063-8},
 acmid = {1519265},
 publisher = {Kluwer Academic Publishers},
 address = {Hingham, MA, USA},
 keywords = {Compositionality, Local proofs, Local reasoning, Model checking}
}

@inproceedings{Torre:2009,
 author = {Torre, Salvatore and Madhusudan, P. and Parlato, Gennaro},
 title = {Reducing Context-Bounded Concurrent Reachability to Sequential Reachability},
 booktitle = {Proceedings of the 21st International Conference on Computer Aided Verification},
 series = {CAV '09},
 year = {2009},
 isbn = {978-3-642-02657-7},
 location = {Grenoble, France},
 pages = {477--492},
 numpages = {16},
 url = {http://dx.doi.org/10.1007/978-3-642-02658-4_36},
 doi = {10.1007/978-3-642-02658-4_36},
 acmid = {1575099},
 publisher = {Springer-Verlag},
 address = {Berlin, Heidelberg}
}

@inproceedings{Ghafari:2010,
 author = {Ghafari, Naghmeh and Hu, Alan J. and Rakamari\'{c}, Zvonimir},
 title = {Context-bounded Translations for Concurrent Software: An Empirical Evaluation},
 booktitle = {Proceedings of the 17th International SPIN Conference on Model Checking Software},
 series = {SPIN'10},
 year = {2010},
 isbn = {3-642-16163-4, 978-3-642-16163-6},
 location = {Enschede, The Netherlands},
 pages = {227--244},
 numpages = {18},
 url = {http://dl.acm.org/citation.cfm?id=1928137.1928160},
 acmid = {1928160},
 publisher = {Springer-Verlag},
 address = {Berlin, Heidelberg}
}

@inproceedings{Basler:2009,
 author = {Basler, G{\'e}rard and Mazzucchi, Michele and Wahl, Thomas and Kroening, Daniel},
 title = {Symbolic Counter Abstraction for Concurrent Software},
 booktitle = {Proceedings of the 21st International Conference on Computer Aided Verification},
 series = {CAV '09},
 year = {2009},
 isbn = {978-3-642-02657-7},
 location = {Grenoble, France},
 pages = {64--78},
 numpages = {15},
 url = {http://dx.doi.org/10.1007/978-3-642-02658-4_9},
 doi = {10.1007/978-3-642-02658-4_9},
 acmid = {1575072},
 publisher = {Springer-Verlag},
 address = {Berlin, Heidelberg}
}

@inproceedings{Inverso:2014,
 author = {Inverso, Omar and Tomasco, Ermenegildo and Fischer, Bernd and La Torre, Salvatore and Parlato, Gennaro},
 title = {Bounded Model Checking of Multi-threaded C Programs via Lazy Sequentialization},
 booktitle = {Proceedings of the 16th International Conference on Computer Aided Verification - Volume 8559},
 year = {2014},
 isbn = {978-3-319-08866-2},
 pages = {585--602},
 numpages = {18},
 url = {http://dx.doi.org/10.1007/978-3-319-08867-9_39},
 doi = {10.1007/978-3-319-08867-9_39},
 acmid = {2735100},
 publisher = {Springer-Verlag New York, Inc.},
 address = {New York, NY, USA}
}

@inproceedings{Tomasco:2015,
 author = {Tomasco, Ermenegildo and Inverso, Omar and Fischer, Bernd and Torre, Salvatore and Parlato, Gennaro},
 title = {Verifying Concurrent Programs by Memory Unwinding},
 booktitle = {Proceedings of the 21st International Conference on Tools and Algorithms for the Construction and Analysis of Systems - Volume 9035},
 year = {2015},
 isbn = {978-3-662-46680-3},
 pages = {551--565},
 numpages = {15},
 url = {https://doi.org/10.1007/978-3-662-46681-0_52},
 doi = {10.1007/978-3-662-46681-0_52},
 acmid = {2945576},
 publisher = {Springer-Verlag New York, Inc.},
 address = {New York, NY, USA}
} 

@inproceedings{Lahiri:2009,
 author = {Lahiri, Shuvendu K. and Qadeer, Shaz and Rakamari\'{c}, Zvonimir},
 title = {Static and Precise Detection of Concurrency Errors in Systems Code Using SMT Solvers},
 booktitle = {Proceedings of the 21st International Conference on Computer Aided Verification},
 series = {CAV '09},
 year = {2009},
 isbn = {978-3-642-02657-7},
 location = {Grenoble, France},
 pages = {509--524},
 numpages = {16},
 url = {http://dx.doi.org/10.1007/978-3-642-02658-4_38},
 doi = {10.1007/978-3-642-02658-4_38},
 acmid = {1575101},
 publisher = {Springer-Verlag},
 address = {Berlin, Heidelberg}
} 

@InProceedings{Gupta:2010,
author={Gupta, Ashutosh
and Popeea, Corneliu
and Rybalchenko, Andrey},
editor={Bouajjani, Ahmed
and Chin, Wei-Ngan},
title={Non-monotonic Refinement of Control Abstraction for Concurrent Programs},
booktitle={Automated Technology for Verification and Analysis},
year={2010},
publisher={Springer Berlin Heidelberg},
address={Berlin, Heidelberg},
pages={188--202},
isbn={978-3-642-15643-4}
}

@InProceedings{Threader:svcomp,
author={Popeea, Corneliu
and Rybalchenko, Andrey},
editor={Piterman, Nir
and Smolka, Scott A.},
title={Threader: A Verifier for Multi-threaded Programs},
booktitle={Tools and Algorithms for the Construction and Analysis of Systems},
year={2013},
publisher={Springer Berlin Heidelberg},
address={Berlin, Heidelberg},
pages={633--636},
isbn={978-3-642-36742-7}
}

@inproceedings{Gupta:2011:POPL,
 author = {Gupta, Ashutosh and Popeea, Corneliu and Rybalchenko, Andrey},
 title = {Predicate Abstraction and Refinement for Verifying Multi-threaded Programs},
 booktitle = {Proceedings of the 38th Annual ACM SIGPLAN-SIGACT Symposium on Principles of Programming Languages},
 series = {POPL '11},
 year = {2011},
 isbn = {978-1-4503-0490-0},
 location = {Austin, Texas, USA},
 pages = {331--344},
 numpages = {14},
 url = {http://doi.acm.org/10.1145/1926385.1926424},
 doi = {10.1145/1926385.1926424},
 acmid = {1926424},
 publisher = {ACM},
 address = {New York, NY, USA},
 keywords = {(transition) predicate abstraction, abstraction refinement, environment transitions, horn clauses., modular reasoning, multi-threaded programs, proof rule, safety}
} 

@article{Gupta:2011,
 author = {Gupta, Ashutosh and Popeea, Corneliu and Rybalchenko, Andrey},
 title = {Predicate Abstraction and Refinement for Verifying Multi-threaded Programs},
 journal = {SIGPLAN Not.},
 issue_date = {January 2011},
 volume = {46},
 number = {1},
 month = {jan},
 year = {2011},
 issn = {0362-1340},
 pages = {331--344},
 numpages = {14},
 url = {http://doi.acm.org/10.1145/1925844.1926424},
 doi = {10.1145/1925844.1926424},
 acmid = {1926424},
 publisher = {ACM},
 address = {New York, NY, USA},
 keywords = {(transition) predicate abstraction, abstraction refinement, environment transitions, horn clauses., modular reasoning, multi-threaded programs, proof rule, safety}
} 

@InProceedings{Threader:2011,
author={Gupta, Ashutosh
and Popeea, Corneliu
and Rybalchenko, Andrey},
editor={Gopalakrishnan, Ganesh
and Qadeer, Shaz},
title={Threader: A Constraint-Based Verifier for Multi-threaded Programs",
booktitle="Computer Aided Verification},
year={2011},
publisher={Springer Berlin Heidelberg},
address={Berlin, Heidelberg},
pages={412--417},
isbn={978-3-642-22110-1}
}

@inproceedings{Cordeiro:2011,
 author = {Cordeiro, Lucas and Fischer, Bernd},
 title = {Verifying Multi-threaded Software Using Smt-based Context-bounded Model Checking},
 booktitle = {Proceedings of the 33rd International Conference on Software Engineering},
 series = {ICSE '11},
 year = {2011},
 isbn = {978-1-4503-0445-0},
 location = {Waikiki, Honolulu, HI, USA},
 pages = {331--340},
 numpages = {10},
 url = {http://doi.acm.org/10.1145/1985793.1985839},
 doi = {10.1145/1985793.1985839},
 acmid = {1985839},
 publisher = {ACM},
 address = {New York, NY, USA},
 keywords = {formal software verification, multi-threaded systems, sat modulo theories, symbolic and explicit model checking}
} 

@article{Dourado:2016,
 author = {Dourado, George G.M. and Souza, Paulo S.L. and Prado, Rafael R. and Batista, Raphael N. and Souza, Simone R.S. and Estrella, Julio C. and Bruschi, Sarita M. and Lourenco, Joao},
 title = {A Suite of Java Message-passing Benchmarks to Support the Validation of Testing Models, Criteria and Tools},
 journal = {Procedia Comput. Sci.},
 issue_date = {June 2016},
 volume = {80},
 number = {C},
 month = {jun},
 year = {2016},
 issn = {1877-0509},
 pages = {2226--2230},
 numpages = {5},
 url = {https://doi.org/10.1016/j.procs.2016.05.387},
 doi = {10.1016/j.procs.2016.05.387},
 acmid = {3109296},
 publisher = {Elsevier Science Publishers B. V.},
 address = {Amsterdam, The Netherlands, The Netherlands},
 keywords = {Benchmark, Concurrent Programs, Criteria, Java, Message-Passing, Model, Test, Tools}
}

@inproceedings{Wesonga:2011,
 author = {Wesonga, Saint and Mercer, Eric G. and Rungta, Neha},
 title = {Guided Test Visualization: Making Sense of Errors in Concurrent Programs},
 booktitle = {Proceedings of the 2011 26th IEEE/ACM International Conference on Automated Software Engineering},
 series = {ASE '11},
 year = {2011},
 isbn = {978-1-4577-1638-6},
 pages = {624--627},
 numpages = {4},
 url = {http://dx.doi.org/10.1109/ASE.2011.6100141},
 doi = {10.1109/ASE.2011.6100141},
 acmid = {2190149},
 publisher = {IEEE Computer Society},
 address = {Washington, DC, USA}
} 

@inproceedings{Rungta:2009,
 author = {Rungta, Neha and Mercer, Eric G.},
 title = {Clash of the Titans: Tools and Techniques for Hunting Bugs in Concurrent Programs},
 booktitle = {Proceedings of the 7th Workshop on Parallel and Distributed Systems: Testing, Analysis, and Debugging},
 series = {PADTAD '09},
 year = {2009},
 isbn = {978-1-60558-655-7},
 location = {Chicago, Illinois},
 pages = {9:1--9:10},
 articleno = {9},
 numpages = {10},
 url = {http://doi.acm.org/10.1145/1639622.1639631},
 doi = {10.1145/1639622.1639631},
 acmid = {1639631},
 publisher = {ACM},
 address = {New York, NY, USA},
 keywords = {benchmarks, concurrent programs, empirical study, evaluation, testing and verification tools}
}

@misc{svcomp,
  title = {Competition on software verification},
  howpublished = "\url{https://sv-comp.sosy-lab.org/}",
  note = {Accessed: 2017-02-14}
}

@inproceedings{Corall,
 author = {Lal, Akash and Qadeer, Shaz and Lahiri, Shuvendu K.},
 title = {A Solver for Reachability Modulo Theories},
 booktitle = {Proceedings of the 24th International Conference on Computer Aided Verification},
 series = {CAV'12},
 year = {2012},
 isbn = {978-3-642-31423-0},
 location = {Berkeley, CA},
 pages = {427--443},
 numpages = {17},
 url = {http://dx.doi.org/10.1007/978-3-642-31424-7_32},
 doi = {10.1007/978-3-642-31424-7_32},
 acmid = {2362257},
 publisher = {Springer-Verlag},
 address = {Berlin, Heidelberg}
}

@inproceedings{ThreadModular03,
 author = {Flanagan, Cormac and Qadeer, Shaz},
 title = {Thread-modular Model Checking},
 booktitle = {Proceedings of the 10th International Conference on Model Checking Software},
 series = {SPIN'03},
 year = {2003},
 isbn = {3-540-40117-2},
 location = {Portland, OR, USA},
 pages = {213--224},
 numpages = {12},
 url = {http://dl.acm.org/citation.cfm?id=1767111.1767125},
 acmid = {1767125},
 publisher = {Springer-Verlag},
 address = {Berlin, Heidelberg}
} 

@Inbook{MuCSeq16,
author={Tomasco, Ermenegildo
and Nguyen, Truc L.
and Inverso, Omar
and Fischer, Bernd
and La Torre, Salvatore
and Parlato, Gennaro},
editor="Chechik, Marsha
and Raskin, Jean-Fran{\c{c}}ois",
title="{MU-CSeq} 0.4: Individual Memory Location Unwindings",
bookTitle="Tools and Algorithms for the Construction and Analysis of Systems: 22nd International Conference, TACAS 2016, Held as Part of the European Joint Conferences on Theory and Practice of Software, ETAPS 2016, Eindhoven, The Netherlands, April 2-8, 2016, Proceedings",
year="2016",
publisher="Springer Berlin Heidelberg",
address="Berlin, Heidelberg",
pages="938--941",
isbn="978-3-662-49674-9",
doi="10.1007/978-3-662-49674-9_65",
url="http://dx.doi.org/10.1007/978-3-662-49674-9_65"
}

@inproceedings{CPA-BAM16,
 author = {Friedberger, Karlheinz},
 title = {{CPA-BAM}: Block-Abstraction Memoization with Value Analysis and Predicate Analysis},
 booktitle = {Proceedings of the 22Nd International Conference on Tools and Algorithms for the Construction and Analysis of Systems - Volume 9636},
 year = {2016},
 isbn = {978-3-662-49673-2},
 pages = {912--915},
 numpages = {4},
 url = {http://dx.doi.org/10.1007/978-3-662-49674-9_58},
 doi = {10.1007/978-3-662-49674-9_58},
 acmid = {2945508},
 publisher = {Springer-Verlag New York, Inc.},
 address = {New York, NY, USA}
} 

@InProceedings{PredicateCPA10,
author = {Dirk Beyer and M.~Erkan Keremoglu and Philipp Wendler},
title = {Predicate Abstraction with Adjustable-Block Encoding},
booktitle = {Proceedings of the 10th International Conference on Formal Methods in Computer-Aided Design (FMCAD~2010, Lugano, October 20-23)},
publisher = {FMCAD},
pages = {189-197},
year = {2010},
isbn = {},
keyword = {Software Model Checking},
pdf = {http://www.sosy-lab.org/~dbeyer/Publications/2010-FMCAD.Predicate_Abstraction_with_Adjustable-Block_Encoding.pdf},
url = {http://www.sosy-lab.org/~dbeyer/cpa-abe/}
}

@inproceedings{Locksmith,
 author = {Pratikakis, Polyvios and Foster, Jeffrey S. and Hicks, Michael},
 title = {{LOCKSMITH}: Context-sensitive Correlation Analysis for Race Detection},
 booktitle = {Proceedings of the 27th ACM SIGPLAN Conference on Programming Language Design and Implementation},
 series = {PLDI '06},
 year = {2006},
 isbn = {1-59593-320-4},
 location = {Ottawa, Ontario, Canada},
 pages = {320--331},
 numpages = {12},
 url = {http://doi.acm.org/10.1145/1133981.1134019},
 doi = {10.1145/1133981.1134019},
 acmid = {1134019},
 publisher = {ACM},
 address = {New York, NY, USA},
 keywords = {context-sensitivity, correlation, locksmith, multi-threaded programming, race detection, type inference}
}

@inproceedings{Relay,
 author = {Voung, Jan Wen and Jhala, Ranjit and Lerner, Sorin},
 title = {{RELAY}: Static Race Detection on Millions of Lines of Code},
 booktitle = {Proceedings of the the 6th Joint Meeting of the European Software Engineering Conference and the ACM SIGSOFT Symposium on The Foundations of Software Engineering},
 series = {ESEC-FSE '07},
 year = {2007},
 isbn = {978-1-59593-811-4},
 location = {Dubrovnik, Croatia},
 pages = {205--214},
 numpages = {10},
 url = {http://doi.acm.org/10.1145/1287624.1287654},
 doi = {10.1145/1287624.1287654},
 acmid = {1287654},
 publisher = {ACM},
 address = {New York, NY, USA},
 keywords = {race detection, static analysis}
} 

@inproceedings{WHOOP,
 author = {Deligiannis, Pantazis and Donaldson, Alastair F. and Rakamaric, Zvonimir},
 title = {Fast and Precise Symbolic Analysis of Concurrency Bugs in Device Drivers (T)},
 booktitle = {Proceedings of the 2015 30th IEEE/ACM International Conference on Automated Software Engineering (ASE)},
 series = {ASE '15},
 year = {2015},
 isbn = {978-1-5090-0025-8},
 pages = {166--177},
 numpages = {12},
 url = {http://dx.doi.org/10.1109/ASE.2015.30},
 doi = {10.1109/ASE.2015.30},
 acmid = {2916234},
 publisher = {IEEE Computer Society},
 address = {Washington, DC, USA}
}

@article{Kroening2007,
 author = {Cook, Byron and Kroening, Daniel and Sharygina, Natasha},
 title = {Verification of Boolean Programs with Unbounded Thread Creation},
 journal = {Theor. Comput. Sci.},
 issue_date = {December, 2007},
 volume = {388},
 number = {1-3},
 month = {dec},
 year = {2007},
 issn = {0304-3975},
 pages = {227--242},
 numpages = {16},
 url = {http://dx.doi.org/10.1016/j.tcs.2007.07.050},
 doi = {10.1016/j.tcs.2007.07.050},
 acmid = {1316370},
 publisher = {Elsevier Science Publishers Ltd.},
 address = {Essex, UK},
 keywords = {68N30, 68Q55, 68Q60, Boolean programs, Model checking, Program verification, Reachability}
} 

@Inbook{TAR,
author="Henzinger, Thomas A.
and Jhala, Ranjit
and Majumdar, Rupak
and Qadeer, Shaz",
editor="Hunt, Warren A.
and Somenzi, Fabio",
title="Thread-Modular Abstraction Refinement",
bookTitle="Computer Aided Verification: 15th International Conference, CAV 2003, Boulder, CO, USA, July 8-12, 2003. Proceedings",
year="2003",
publisher="Springer Berlin Heidelberg",
address="Berlin, Heidelberg",
pages="262--274",
isbn="978-3-540-45069-6",
doi="10.1007/978-3-540-45069-6_27",
url="http://dx.doi.org/10.1007/978-3-540-45069-6_27"
}

@inproceedings{cbmc14,
 author = {Inverso, Omar and Tomasco, Ermenegildo and Fischer, Bernd and La Torre, Salvatore and Parlato, Gennaro},
 title = {Bounded Model Checking of Multi-threaded C Programs via Lazy Sequentialization},
 booktitle = {Proceedings of the 16th International Conference on Computer Aided Verification - Volume 8559},
 year = {2014},
 isbn = {978-3-319-08866-2},
 pages = {585--602},
 numpages = {18},
 url = {http://dx.doi.org/10.1007/978-3-319-08867-9_39},
 doi = {10.1007/978-3-319-08867-9_39},
 acmid = {2735100},
 publisher = {Springer-Verlag New York, Inc.},
 address = {New York, NY, USA}
} 

@inproceedings{CBMC13,
 author = {Alglave, Jade and Kroening, Daniel and Tautschnig, Michael},
 title = {Partial Orders for Efficient Bounded Model Checking of Concurrent Software},
 booktitle = {Proceedings of the 25th International Conference on Computer Aided Verification},
 series = {CAV'13},
 year = {2013},
 isbn = {978-3-642-39798-1},
 location = {Saint Petersburg, Russia},
 pages = {141--157},
 numpages = {17},
 url = {http://dx.doi.org/10.1007/978-3-642-39799-8_9},
 doi = {10.1007/978-3-642-39799-8_9},
 acmid = {2526873},
 publisher = {Springer-Verlag},
 address = {Berlin, Heidelberg}
}

@article{CraigInterpol,
  place={Cambridge, UK},
  title={Three uses of the Herbrand-Gentzen theorem in relating model theory and proof theory},
  volume={22},
  url={https://www.cambridge.org/core/article/three-uses-of-the-herbrand-gentzen-theorem-in-relating-model-theory-and-proof-theory/7674DE501824D8FC294FB396CD5617DB},
  DOI={10.2307/2963594},
  number={3},
  journal={Journal of Symbolic Logic},
  publisher={Cambridge University Press},
  author={Craig, William},
  year={1957},
  month={Sep},
  pages={269--285}
 }

@article{DEG15,
 author = {Zakharov, I. S. and Mutilin, V. S. and Khoroshilov, A. V.},
 title = {Pattern-based Environment Modeling for Static Verification of Linux Kernel Modules},
 journal = {Program. Comput. Softw.},
 issue_date = {May       2015},
 volume = {41},
 number = {3},
 month = {may},
 year = {2015},
 issn = {0361-7688},
 pages = {183--195},
 numpages = {13},
 url = {http://dx.doi.org/10.1134/S036176881503007X},
 doi = {10.1134/S036176881503007X},
 acmid = {2787335},
 publisher = {Plenum Press},
 address = {New York, NY, USA}
} 



@article{eraser97,
 author = {Savage, Stefan and Burrows, Michael and Nelson, Greg and Sobalvarro, Patrick and Anderson, Thomas},
 title = {Eraser: A Dynamic Data Race Detector for Multi-threaded Programs},
 journal = {SIGOPS Oper. Syst. Rev.},
 issue_date = {Dec. 1997},
 volume = {31},
 number = {5},
 month = {oct},
 year = {1997},
 issn = {0163-5980},
 pages = {27--37},
 numpages = {11},
 url = {http://doi.acm.org/10.1145/269005.266641},
 doi = {10.1145/269005.266641},
 acmid = {266641},
 publisher = {ACM},
 address = {New York, NY, USA}
} 

@inproceedings{threader11,
 author = {Gupta, Ashutosh and Popeea, Corneliu and Rybalchenko, Andrey},
 title = {Threader: A Constraint-based Verifier for Multi-threaded Programs},
 booktitle = {Proceedings of the 23rd International Conference on Computer Aided Verification},
 series = {CAV'11},
 year = {2011},
 isbn = {978-3-642-22109-5},
 location = {Snowbird, UT},
 pages = {412--417},
 numpages = {6},
 url = {http://dl.acm.org/citation.cfm?id=2032305.2032337},
 acmid = {2032337},
 publisher = {Springer-Verlag},
 address = {Berlin, Heidelberg}
} 

@inproceedings{cbmc11,
 author = {Cordeiro, Lucas and Fischer, Bernd},
 title = {Verifying Multi-threaded Software Using Smt-based Context-bounded Model Checking},
 booktitle = {Proceedings of the 33rd International Conference on Software Engineering},
 series = {ICSE '11},
 year = {2011},
 isbn = {978-1-4503-0445-0},
 location = {Waikiki, Honolulu, HI, USA},
 pages = {331--340},
 numpages = {10},
 url = {http://doi.acm.org/10.1145/1985793.1985839},
 doi = {10.1145/1985793.1985839},
 acmid = {1985839},
 publisher = {ACM},
 address = {New York, NY, USA},
 keywords = {formal software verification, multi-threaded systems, sat modulo theories, symbolic and explicit model checking}
} 

@inproceedings{BMC,
 author = {Clarke, Edmund and Biere, Armin and Raimi, Richard and Zhu, Yunshan},
 title = {Bounded Model Checking Using Satisfiability Solving},
 booktitle = {Formal Methods in System Design},
 year = {2001},
 pages = {7--34},
 issn = {1572-8102},
 url = {https://doi.org/10.1023/A:1011276507260},
 doi = {10.1023/A:1011276507260}
} 

@misc{Safeware,
year={1995},
title={Safeware: System Safety and Computers},
author={Nancy Levenson},
language={English}
}

@article{LDV15,
year={2015},
issn={0361-7688},
journal={Programming and Computer Software},
volume={41},
number={1},
doi={10.1134/S0361768815010065},
title={Configurable toolset for static verification of operating systems kernel modules},
url={http://dx.doi.org/10.1134/S0361768815010065},
publisher={Pleiades Publishing},
keywords={operating system kernel; kernel module; software quality; static verification; contract specification; environment model; specification of rule for correct usage of API},
author={Zakharov, I.S. and Mandrykin, M.U. and Mutilin, V.S. and Novikov, E.M. and Petrenko, A.K. and Khoroshilov, A.V.},
pages={49-64},
language={English}
}

@InProceedings{ExplicitValue,
author = {Dirk Beyer and Stefan L{\"o}we},
title = {Explicit-State Software Model Checking Based on {CEGAR} and Interpolation},
booktitle = {Proceedings of the 16th International Conference on Fundamental Approaches to Software Engineering (FASE~2013, Rome, Italy, March 20-22)},
publisher = {Springer-Verlag, Heidelberg},
series = {LNCS~7793},
pages = {146-162},
year = {2013},
isbn = {978-3-642-37056-4},
keyword = {Software Model Checking},
pdf = {http://www.sosy-lab.org/~dbeyer/Publications/2013-FASE.Explicit-State_Software_Model_Checking_Based_on_CEGAR_and_Interpolation.pdf},
url = {},
abstract = {},
annote = {}
}

@article{CEGAR01,
	 language="russian",
	 AUTHOR={М.У. Мандрыкин and В.С. Мутилин and А.В. Хорошилов},
	 TITLE={Введение в метод {CEGAR} -- уточнение абстракции по контрпримерам},
	 JOURNAL={Труды ИСП РАН},
	 PAGES="219--292",
	 volume={24},
	 address = {Moscow},
	 YEAR={2013},
	 doi={10.15514/ISPRAS-2013-24-12},
	 issn={2220-6426}
}

@article{LDV:arch,
	 language="russian",
	 AUTHOR={V.S. Mutilin and E.M. Novikov and A.V. Strakh and A.V. Khoroshilov and P.E. Shved},
	 TITLE="{L}inux {D}river {V}erification {A}rchitecture (in {R}ussian)",
	 JOURNAL="Proceedings of the Institute for System Programming of RAS",
	 PAGES="163-187",
	 volume="20",
	 address = {Moscow},
	 YEAR="2011",
	 issn={2220-6426}
}

@misc{Hartman13,
 author = {Greg Kroah-Hartman and Jonathan Corbet and Amanda McPherson},
 title = {Linux Kernel Development: How Fast it is Going, Who is Doing It, What They are Doing, and Who is Sponsoring It},
 year = {2013},
 publisher = {Linux Foundation},
 address = {San Francisco, CA, USA},
 howpublished = {http://www.linuxfoundation.org/publications/linux-foundation/who-writes-linux-2013}
}

@InProceedings{SVCOMP12:article,
year={2012},
isbn={978-3-642-28755-8},
booktitle={Tools and Algorithms for the Construction and Analysis of Systems},
volume={7214},
series={Lecture Notes in Computer Science},
doi={10.1007/978-3-642-28756-5_38},
title={Competition on Software Verification},
url={http://dx.doi.org/10.1007/978-3-642-28756-5_38},
publisher={Springer Berlin Heidelberg},
author={Beyer, Dirk},
pages={504-524},
language={English}
}

@InProceedings{SVCOMP15,
year={2015},
isbn={978-3-662-46680-3},
booktitle={Tools and Algorithms for the Construction and Analysis of Systems},
volume={9035},
series={Lecture Notes in Computer Science},
doi={10.1007/978-3-662-46681-0_31},
title={Software Verification and Verifiable Witnesses},
url={http://dx.doi.org/10.1007/978-3-662-46681-0_31},
publisher={Springer Berlin Heidelberg},
author={Beyer, Dirk},
pages={401-416},
language={English}
}

@InProceedings{Precision_reuse,
author = {Dirk Beyer and Stefan L{\"o}we and Evgeny Novikov and Andreas Stahlbauer and Philipp Wendler},
title = {Precision Reuse for Efficient Regression Verification},
booktitle = {Proceedings of the 9th Joint Meeting of the European Software Engineering Conference and the ACM SIGSOFT Symposium on Foundations of Software Engineering (ESEC/FSE 2013, St. Petersburg, Russia, August 18-26)},
publisher = {ACM},
pages = {389-399},
year = {2013},
isbn = {},
keyword = {Software Model Checking},
pdf = {http://www.sosy-lab.org/~dbeyer/Publications/2013-FSE.Precision_Reuse_for_Efficient_Regression_Verification.pdf},
url = {},
doi = {10.1145/2491411.2491429}
}

@InProceedings{Reuse,
author = {Dirk Beyer and Philipp Wendler},
title = {Reuse of Verification Results: Conditional Model Checking, Precision Reuse, and Verification Witnesses},
booktitle = {Proceedings of the 2013 International Symposium on Model Checking of Software (SPIN~2013, Stony Brook, NY, USA, July 8-9)},
publisher = {Springer-Verlag, Heidelberg},
series = {LNCS~7976},
pages = {1-17},
year = {2013},
isbn = {},
keyword = {Software Model Checking},
pdf = {http://www.sosy-lab.org/~dbeyer/Publications/2013-SPIN.Reuse_of_Verification_Results.pdf},
url = {http://sv-comp.sosy-lab.org/},
doi = {10.1007/978-3-642-39176-7_1}
}

@InProceedings{CMC,
author = {Dirk Beyer and Thomas A. Henzinger and M. Erkan Keremoglu and Philipp Wendler},
title = {Conditional Model Checking: {A} Technique to Pass Information between Verifiers},
booktitle = {Proceedings of the 20th ACM SIGSOFT International Symposium on the Foundations of Software Engineering (FSE~2012, Cary, NC, November 10-17)},
publisher = {ACM},
pages = {},
year = {2012},
isbn = {978-1-4503-1614-9},
keyword = {Software Model Checking},
pdf = {http://www.sosy-lab.org/~dbeyer/Publications/2012-FSE.Conditional_Model_Checking.pdf},
url = {}
}

@article{MEA01,
author={V. Mordan and E. Novikov},
title={Minimizing the number of static verifier traces to reduce time for finding bugs in {L}inux kernel modules},
journal={Proceedings of the Spring/Summer Young Researchers’ Colloquium on Software Engineering},
year={2014},
volume={8}
}

@article{commit_analysis_12,
	 AUTHOR= {В.С. Мутилин and Е.М. Новиков and А.В. Хорошилов},
	 TITLE={Анализ типовых ошибок в драйверах операционной системы {L}inux},
	 JOURNAL={Труды ИСП РАН},
	 PAGES="349-374",
	 volume={22},
	 address = {Москва},
	 YEAR={2012}
}

@inproceedings{Palix11,
 author = {Palix, Nicolas and Thomas, Ga\"{e}l and Saha, Suman and Calv\`{e}s, Christophe and Lawall, Julia and Muller, Gilles},
 title = {Faults in {L}inux: Ten Years Later},
 booktitle = {Proceedings of the 16th Int. Conference on Architectural Support for Programming Languages and Operating Systems},
 series = {ASPLOS XVI},
 year = {2011},
 isbn = {978-1-4503-0266-1},
 location = {Newport Beach, California, USA},
 pages = {305--318},
 numpages = {14},
 url = {http://doi.acm.org/10.1145/1950365.1950401},
 doi = {10.1145/1950365.1950401},
 acmid = {1950401},
 publisher = {ACM},
 keywords = {fault-finding tools, linux}
} 

% ГОСТ Р 7.0.11-2011, Приложение Б, Книги
@BOOK{Sychev,
  author = {Сычёв, М. С.},
  title = {История Астраханского казачьего войска : учебное пособие},
  address = {Астрахань},
  publisher = {Волга},
  year = {2009},
  numpages = {231},
  language = {russian}
}

% ГОСТ Р 7.0.11-2011, Приложение Б, Нормативные правовые акты
@BOOK{Constitution,
  title = {Конституция Российской Федерации : офиц. текст.},
  address = {М.},
  publisher = {Маркетинг},
  year = {2001},
  numpages = {39},
  language = {russian}
}

% ГОСТ Р 7.0.11-2011, Приложение Б, Стандарты
@BOOK{Gost.7.0.53,
  title = {ГОСТ Р 7.0.53-2007 Система стандартов по информации, библиотечному и издательскому делу. Издания. Международный стандартный книжный номер. Использование и издательское оформление.},
  address = {М.},
  publisher = {Стандартинформ},
  year = {2007},
  numpages = {5},
  language = {russian}
}

% ГОСТ Р 7.0.11-2011, Приложение Б, Депонированные научные работы
@BOOK{Razumovski,
  author = {Разумовский, В. А. and Андреев, Д. А.},
  title = {Управление маркетинговыми исследованиями в регионе},
  address = {М.},
  year = {2002},
  numpages = {210},
  note = {Деп. в ИНИОН Рос. акад. наук 15.02.02, № 139876},
  language = {russian}
}

% ГОСТ Р 7.0.11-2011, Приложение Б, Диссертации
@BOOK{Lagkueva,
  author = {Лагкуева, Ирина Владимировна},
  title = {Особенности регулирования труда творческих работников театров : дис. ... канд. юрид. наук : 12.00.05},
  address = {М.},
  year = {2009},
  numpages = {168},
  language = {russian}
}

% ГОСТ Р 7.0.11-2011, Приложение Б, Авторефераты диссертаций
@BOOK{Sirotko,
  author = {Сиротко, Владимир Викторович},
  title = {Медико-социальные аспекты городского травматизма в современных условиях : автореф. дис. ... канд. мед. наук : 14.00.33},
  address = {М.},
  year = {2006},
  numpages = {26},
  language = {russian}
}

% ГОСТ Р 7.0.11-2011, Приложение Б, Отчёты о научно-исследовательской работе
@BOOK{Methodology,
  author = {Загорюев, А. Л.},
  title = {Методология и методы изучения военно-профессиональной направленности подростков : отчёт о НИР},
  address = {Екатеринбург},
  institution = {Уральский институт практической психологии},
  year = {2008},
  numpages = {102},
  language = {russian}
}

% ГОСТ Р 7.0.11-2011, Приложение Б, Электронные ресурсы
@BOOK{Encyclopedia,
  title = {Художественная энциклопедия зарубежного классического искусства [Электронный ресурс]},
  address = {М.},
  publisher = {Большая Рос. энкцикл.},
  year = {1996},
  note = {1 электрон. опт. диск (CD-ROM)},
  language = {russian}
}

% ГОСТ Р 7.0.11-2011, Приложение Б, Статьи

@ARTICLE{Berestova,
  author = {Берестова, Т. Ф.},
  title = {Поисковые инструмены библиотеки},
  journal = {Библиография},
  year = {2006},
  number = {4},
  pages = {19},
  language = {russian}
}


% Examples from https://verbosus.com/bibtex-style-examples.html
@ARTICLE{Article,
  author   = {Peter Adams},
  title    = {The title of the work},
  journal  = {The name of the journal},
  year     = {1993},
  number   = {2},
  pages    = {201-213},
  month    = {7},
  note     = {An optional note},
  volume   = {4},
  language = {english}
}

@BOOK{Book,
  author    = {Peter Babington}, 
  title     = {The title of the work},
  publisher = {The name of the publisher},
  year      = {1993},
  volume    = {4},
  series    = {10},
  address   = {The address},
  edition   = {3},
  month     = {7},
  note      = {An optional note},
  isbn      = {3257227892},
  language  = {english}
}

@BOOKLET{Booklet,
  title        = {The title of the work},
  author       = {Peter Caxton}, 
  howpublished = {How it was published},
  address      = {The address of the publisher},
  month        = {7},
  year         = {1993},
  note         = {An optional note},
  language     = {english}
}

@CONFERENCE{Conference,
  author       = {Peter Draper}, 
  title        = {The title of the work},
  booktitle    = {The title of the book},
  year         = {1993},
  editor       = {The editor},
  volume       = {4},
  series       = {5},
  pages        = {213},
  address      = {The address of the publisher},
  month        = {7},
  organization = {The organization},
  publisher    = {The publisher},
  note         = {An optional note},
  language     = {english}
}

@INBOOK{Inbook,
  author       = {Peter Eston},
  title        = {The title of the work},
  booktitle    = {Book title},
  chapter      = {8},
  pages        = {201-213},
  publisher    = {The name of the publisher},
  year         = {1993},
  volume       = {4},
  series       = {5},
  address      = {The address of the publisher},
  edition      = {3},
  month        = {7},
  note         = {An optional note},
  language     = {english}
}

@INCOLLECTION{Incollection,
  author       = {Peter Farindon},
  title        = {The title of the work},
  booktitle    = {The title of the book},
  publisher    = {The name of the publisher},
  year         = {1993},
  editor       = {The editor},
  volume       = {4},
  series       = {5},
  chapter      = {8},
  pages        = {201-213},
  address      = {The address of the publisher},
  edition      = {3},
  month        = {7},
  note         = {An optional note},
  language     = {english}
}

@MANUAL{Manual,
  title        = {The title of the work},
  author       = {Peter Gainsford}, 
  organization = {The organization},
  address      = {The address of the publisher},
  edition      = {3},
  month        = {7},
  year         = {1993},
  note         = {An optional note},
  language     = {english}
}

@MASTERSTHESIS{Mastersthesis,
  author       = {Peter Harwood},
  title        = {The title of the work},
  school       = {The school where the thesis was written},
  year         = {1993},
  address      = {The address of the publisher},
  month        = {7},
  note         = {An optional note},
  language     = {english}
}

@MISC{Misc,
  author       = {Peter Isley},
  title        = {The title of the work},
  howpublished = {How it was published},
  month        = {7},
  year         = {1993},
  note         = {An optional note},
  language     = {english}
}

@PHDTHESIS{Phdthesis,
  author       = {Peter Joslin}, 
  title        = {The title of the work},
  school       = {The school where the thesis was written},
  year         = {1993},
  address      = {The address of the publisher},
  month        = {7},
  note         = {An optional note},
  language     = {english}
}

@PROCEEDINGS{Proceedings,
  title        = {The title of the work},
  year         = {1993},
  editor       = {Peter Kidwelly},
  volume       = {4},
  series       = {5},
  address      = {The address of the publisher},
  month        = {7},
  organization = {The organization},
  publisher    = {The name of the publisher},
  note         = {An optional note},
  language     = {english}
}

@TECHREPORT{Techreport,
  author       = {Peter Lambert},
  title        = {The title of the work},
  institution  = {The institution that published},
  year         = {1993},
  number       = {2},
  address      = {The address of the publisher},
  month        = {7},
  note         = {An optional note},
  language     = {english}
}

@UNPUBLISHED{Unpublished,
  author       = {Peter Marcheford}, 
  title        = {The title of the work},
  note         = {An optional note},
  month        = {7},
  year         = {1993},
  language     = {english}
}
